3017 4884
216 429 219 436 “
293 431 384 515 ἰι
466 434 668 514 mroms
695 440 804 514 vnn
830 439 1113 514 cnuomnm
1132 440 1224 516 mr.
1320 392 1328 406 ’

202 655 281 710 rom.
300 640 520 714 insolentiae
543 664 655 714 causa
682 638 879 714 manifesta
902 650 1112 717 recusaret·
1137 639 1235 712 inter
1259 641 1400 714 multos

149 827 151 834 s
300 765 407 853 pauci
397 740 531 814 electi
556 749 661 836 sunt
688 749 725 812 et
750 742 808 812 de
804 740 940 836 paucis
959 742 1156 812 admodum
1175 742 1259 813 duo
1265 764 1399 836 seque·

201 845 204 854 ’
301 840 407 914 strati
425 849 523 937 sunt
546 842 584 912 in
602 839 731 937 quibus
749 863 906 912 examen
925 851 1145 935 extremum,
1164 864 1399 914 surnmorum

300 940 463 1014 virorum
478 961 624 1014 summa
631 939 829 1051 diligentia
842 940 904 1012 diu
920 939 1202 1035 deliberatum,
1193 965 1231 1010 ιιι
1245 940 1398 1014 unitatis

299 1049 437 1137 puncto
463 1042 612 1113 tandem
631 1038 778 1136 quievit.
815 1039 929 1112 Erant
945 1042 1017 1112 duo
1043 1040 1278 1134 Cbuonones,
1307 1063 1398 1135 qoo-

300 1165 383 1214 rum
408 1164 503 1212 unus
525 1142 623 1235 quod
649 1138 799 1212 maioris
817 1140 950 1214 aetatis
976 1149 1076 1212 esset
1091 1137 1222 1211 maior
1240 1139 1395 1212 Cliuono

199 1317 201 1324 ,
299 1241 517 1330 vocabatur,
553 1239 646 1310 alter
680 1249 807 1312 antem
843 1237 963 1316 iunior
1000 1240 1154 1312 Chuono
1191 1239 1396 1336 dicebatur,

243 1363 262 1386 *
301 1343 410 1412 ambo
437 1338 475 1410 in
499 1337 652 1412 Francia
675 1338 903 1411 Tbeutonica
926 1337 1155 1431 nobilissimi
1172 1361 1227 1410 ex
1251 1340 1395 1412 duobus
1490 1411 1491 1416 ,

300 1439 472 1512 tratribus
508 1439 582 1512 nati
609 1461 766 1534 quorum
798 1439 892 1511 alter
918 1437 1020 1509 llezil
1052 1448 1090 1512 et
1116 1438 1210 1509 alter
1239 1437 1395 1510 Chuono

301 1539 503 1612 dictust
446 1547 523 1632 est3
552 1539 658 1652 'ipsos
692 1562 782 1610 vero
813 1541 859 1610 ab
887 1538 1026 1610 Ottone
1050 1538 1141 1610 duce
1169 1536 1394 1614 Francorum

300 1650 408 1715 natos
436 1638 645 1735 accepimus
673 1662 757 1709 cum
776 1639 916 1710 duobus
934 1637 1015 1709 aliis
1033 1636 1206 1708 Brunone
1224 1646 1262 1708 et
1279 1636 1395 1708 Willi-

301 1740 445 1832 helmo,
472 1762 517 1811 ex
542 1739 670 1834 quibus
688 1736 812 1808 bruno
840 1737 1065 1834 apostolicae
1088 1737 1187 1809 sedis
1205 1737 1395 1809 Romanae

301 1837 480 1914 ecclesiae
505 1863 600 1936 papa
628 1837 803 1932 effectum
838 1847 980 1909 mutato
1007 1836 1158 1911 nornine
1192 1837 1395 1932 Gregorius

301 1938 508 2036 appellatus
542 1948 619 2032 est3
662 1936 908 2011 Willilrelmua
955 1938 1074 2010 fuctus
1112 1937 1394 2032 Argentinensis

300 2038 479 2110 ecclesiae
493 2038 701 2134 episcopum
715 2037 810 2109 miro
824 2040 935 2110 modo
949 2061 1033 2113 eam
1047 2037 1267 2126 sublimavit
1286 2037 1393 2110 Prac-

301 2138 386 2211 dicti
413 2139 484 2210 duo
512 2137 735 2210 Chuonones
754 2162 836 2210 cum
855 2146 1001 2234 essent7
1029 2148 1071 2209 ut
1085 2138 1225 2210 dictum
1242 2147 1319 2234 est,
1347 2163 1392 2210 ex

300 2251 407 2335 parte
426 2237 636 2334 genitorum
653 2237 889 2333 nobilissimi,
920 2239 1016 2310 haud
1034 2261 1141 2311 secus
1159 2261 1204 2310 ex
1222 2249 1392 2312 materno

299 2353 437 2434 genere
465 2339 683 2410 claruerant.
726 2337 881 2410 Iunioris
905 2336 1118 2410 Chuononis
1142 2347 1264 2410 mater
1289 2338 1391 2410 Mah-

298 2438 413 2510 tbildn
432 2440 478 2510 de
503 2437 578 2510 filia
596 2437 807 2510 Chuonradi
829 2437 929 2534 regis
947 2438 1180 2534 burgundiae
1204 2447 1290 2509 nata
1313 2437 1391 2511 fuit.

299 2535 448 2609 Maioris
474 2535 686 2608 Chuononis
711 2547 833 2609 mater
857 2538 1059 2610 Adallreida
1095 2561 1140 2610 cx
1162 2536 1393 2610 nobilissima

298 2647 411 2734 gente
435 2634 761 2732 Liutharingorum
791 2636 944 2709 oriunda
978 2639 1108 2710 luerat
1154 2637 1258 2724 Quae
1286 2639 1394 2710 Adat-

298 2737 408 2810 heida
425 2761 532 2810 soror
549 2747 630 2810 erat
647 2736 823 2809 comitum
842 2737 1021 2810 Gerhardi
1044 2747 1082 2810 et
1098 2737 1305 2831 Adalberfi,
1331 2738 1393 2833 qui

300 2860 448 2934 semper
473 2863 556 2910 cum
581 2835 730 2933 regibus
748 2847 787 2909 et
803 2838 953 2910 ducibus
971 2835 1233 2933 confligentes,
1262 2839 1310 2910 ad·
1331 2860 1394 2908 ex·
1488 2898 1489 2903 ,

299 2947 459 3008 tremum
486 2961 619 3010 causae
645 2937 841 3033 propinqui
875 2938 931 3010 sui
956 2937 1167 3010 Chuonradi
1196 2937 1306 3032 regis
1333 2937 1392 3010 vix

300 3035 603 3132 acquiescebant3
627 3060 784 3132 quorum
808 3047 1000 3135 parentes
1027 3038 1213 3134 nitemur,
1239 3040 1284 3110 de
1303 3029 1392 3109 anti·

300 3159 371 3232 quo
397 3159 535 3232 genere
569 3136 811 3209 Troianorum
840 3161 971 3251 regum
1002 3147 1205 3235 reuerent
1240 3137 1299 3233 qui
1325 3141 1392 3210 sub

299 3241 407 3310 beato
433 3235 602 3332 Remigio
630 3237 879 3310 confessore
869 3262 956 3333 rugo
982 3237 1067 3310 fidei
1092 3239 1188 3310 colla
1211 3260 1393 3335 suppone·
1487 3286 1488 3333 ι

299 3340 398 3410 bant.
434 3338 475 3409 ln
503 3337 559 3410 his
584 3338 736 3434 duobus,
765 3336 880 3410 idest
905 3338 942 3408 in
970 3337 1110 3410 maiore
1128 3339 1331 3410 Chuonone
1357 3346 1394 3408 et
1487 3354 1488 3365 ²

299 3437 455 3535 iuniore,
474 3438 534 3511 diu
552 3440 736 3535 pandebat
752 3437 895 3552 reliqua
912 3437 1101 3532 nobilitas·
1120 3448 1158 3510 et
1169 3461 1393 3535 quemquam

299 3539 481 3611 maiorem
499 3538 740 3612 Chuononem
759 3539 949 3613 secretiori
974 3538 1125 3611 consilio
1150 3548 1187 3611 et
1204 3536 1312 3610 avido
1331 3540 1392 3609 de·
1487 3602 1488 3635 ι

300 3634 434 3708 siderio
465 3647 618 3748 propter
651 3639 825 3710 virtutem
850 3647 888 3710 et
920 3638 1144 3752 probitatem
1175 3637 1273 3710 illius
1298 3659 1393 3751 pene

300 3759 430 3808 omnes
451 3733 649 3833 eligerent
676 3747 802 3811 tamen
821 3749 973 3835 propter
997 3738 1150 3811 iunioris
1173 3737 1393 3835 potentiam.

299 3860 347 3908 ne
366 3859 432 3950 pro
452 3836 603 3909 honoris
622 3836 821 3909 ambitione
840 3839 1071 3935 dissiderent,
1103 3838 1267 3911 animum
1285 3861 1394 3909 suum
1486 3878 1487 3897 ι

298 3935 491 4032 ingeniose
516 3937 667 4050 quisque
693 3937 957 4012 dissimulabat.
998 3941 1054 4012 Ad
1079 3951 1285 4012 extremum
1303 3961 1394 4009 vero

299 4037 417 4109 divina
437 4037 665 4135 providentia
685 4038 861 4137 contigit
888 4049 927 4112 ut
953 4040 1021 4136 ipsi
1048 4040 1146 4112 inter
1163 4064 1204 4112 sc
1222 4037 1395 4111 conveni·
1486 4028 1487 4043 ¹

299 4147 382 4207 rent
405 4141 564 4233 quodam
592 4147 722 4236 pacto
758 4138 796 4212 in
832 4150 907 4212 tam
944 4140 1051 4213 dubia
1079 4164 1121 4212 re
1147 4140 1238 4213 satis
1262 4161 1395 4211 conve·
1485 4146 1486 4151 ’

299 4235 411 4310 nienti
419 4241 567 4337 quod,
585 4239 616 4312 si
636 4263 744 4336 quem
764 4240 911 4313 illorum
930 4240 1050 4313 maior
1067 4264 1155 4336 pars
1173 4239 1300 4337 populi
1318 4240 1394 4312 lau·
