3017 4884
308 443 510 557 wlnonis
536 443 644 516 Vl'l'A
669 441 944 516 CHUONRADl
972 444 1061 516 ΙΜΡ.
1181 450 1229 520 45

138 666 179 714 eo
199 649 355 736 tempore
373 641 506 713 nullum
524 641 722 732 lateratim
744 641 809 712 sed
826 641 970 713 domurn
988 643 1145 737 repetem
1163 645 1229 715 sci·
1249 662 1328 714 tora

139 741 249 836 disse,
275 765 347 813 non
376 741 501 812 voletis
519 743 682 827 inficiari.
719 738 761 810 Si
777 763 841 810 ree
855 745 978 835 periit,
1003 766 1151 838 repnnm
1176 766 1229 815 re·

137 845 289 934 monet,
316 843 409 912 siout
432 842 536 911 nonis
562 845 724 911 remanet
747 841 848 912 cuins
876 842 1098 935 pubernotor
1120 843 1228 915 eadit.

136 939 250 1013 Aedes
280 939 444 1034 pullione
476 941 642 1032 fuerent,
678 961 749 1011 non
779 941 966 1031 prismae,-
1001 943 1090 1013 iuris
1124 949 1232 1014 erunt

137 1040 261 1133 odoni,
288 1063 361 1110 non
378 1041 494 1110 vestri.
536 1038 739 1110 Alienorum
769 1044 887 1110 antem
905 1064 1026 1112 rernm
1044 1043 1230 1114 invasores

137 1142 214 1232 repi
243 1145 329 1210 sunt
357 1134 510 1210 obnoxii.
562 1139 662 1232 Erpa
699 1161 762 1209 vos
788 1137 928 1210 alienae
960 1141 1012 1209 rei
1043 1143 1230 1214 invasores

134 1241 271 1331 fuistis,
299 1239 407 1348 ipitnr
432 1240 507 1330 reqi
532 1238 676 1308 obnoxii
693 1239 786 1308 estis.
829 1238 1088 1310 Huiuscemodi
1107 1240 1228 1313 verbis

135 1337 299 1432 pluribus
318 1336 497 1408 instanter
514 1336 665 1408 obiectis
676 1335 828 1432 legati
853 1338 946 1410 frust
932 1348 989 1410 tra
1009 1349 1229 1435 temptatam

138 1461 268 1533 pacem
298 1436 565 1549 relinquentes.
593 1434 771 1508 abierunt.
821 1437 962 1550 Reliqui
995 1461 1083 1509 vero
1114 1439 1229 1511 ltalici
1332 1487 1340 1500 ι

137 1535 373 1634 amplissimis
400 1535 504 1606 donis
530 1559 659 1628 arege
685 1535 878 1630 honorati
905 1538 941 1608 in
971 1561 1064 1633 pace
1089 1538 1228 1611 dimissi

137 1647 231 1708 suut.
208 1637 349 1707 tRex
371 1658 458 1707 vero
478 1639 571 1708 bene
590 1633 759 1706 ordinato
777 1659 893 1730 reguo
917 1637 1086 1710 Sueviae.
1106 1640 1150 1709 ad
1171 1662 1228 1710 oa·

137 1746 254 1808 strum
273 1733 468 1808 Turicum¹
500 1735 680 1831 perrexitq
713 1734 835 1829 ibique
859 1738 1038 1831 quosdam
1067 1737 1227 1835 italicos,

136 1860 196 1931 qui
188 1835 256 1906 ad
270 1834 521 1908 Constantiam
543 1858 616 1905 uon
630 1844 821 1926 venerant
840 1837 886 1906 ad
900 1835 1103 1907 dominium
1120 1861 1227 1909 suum

104 1973 108 1981 ·
136 1937 284 2031 recepit.
318 1935 404 2006 lude
423 1944 507 2029 post
526 1949 661 2029 paucos
679 1933 757 2005 dies
775 1937 819 2005 ad
838 1934 1022 2008 Basileam
1042 1935 1165 2008 civitat
1151 1947 1226 2009 tem
1246 1961 1305 2015 run.

136 2035 313 2131 pervenit.
799 2098 803 2104 .
1262 2035 1308 2088 ²3·

236 2192 269 2260 8.
305 2190 433 2275 Quod
461 2211 541 2298 pex
574 2183 882 2259 Chnouradus
909 2188 1126 2262 Basileae

400 2311 667 2384 episcopum
700 2287 961 2359 coustituit.

210 2422 355 2495 Basilea
373 2421 499 2494 civitas
518 2422 587 2494 sita
606 2431 663 2493 est
678 2422 715 2492 in
733 2426 892 2518 quodam
908 2422 1040 2497 triviali
1054 2424 1226 2521 confinio,

136 2522 171 2594 id
205 2533 262 2595 est
287 2522 535 2617 Burgundios,
571 2522 881 2596 Alamanniact
843 2534 881 2595 et
907 2523 1156 2637 Franciae5
1144 2549 1227 2623 ipsa

136 2645 223 2694 vero
243 2622 369 2695 civitas
388 2625 433 2694 ad
451 2621 699 2716 Burgundiam
720 2647 786 2720 per
787 2624 889 2696 tinet
919 2625 1024 2696 Hanc
1042 2625 1226 2696 civitatem

136 2721 273 2794 invenit
293 2745 357 2793 rex
373 2731 566 2795 vacuatam
585 2721 781 2818 episcopo
810 2723 910 2794 cuius
935 2722 1104 2836 provisor
1119 2725 1227 2796 Adal·
1244 2815 1250 2822 θ

136 2825 225 2894 bero
244 2833 329 2894 ante
347 2832 422 2894 tres
447 2841 615 2933 menses,
642 2846 751 2916 quam
779 2846 844 2894 rex
870 2824 1028 2895 veniret.
1021 2823 1228 2920 migravit
1303 2866 1307 2888 .

136 2947 157 2993 a
176 2920 333 2994 saeculo.
370 2921 468 2993 lbi
440 2920 642 2992 simoniaca
660 2924 750 2993 haer
752 2944 825 2995 ests
844 2922 962 2996 subito
982 2925 1171 3021 apparuit
1189 2933 1228 2997 et

136 3021 208 3094 cito
236 3020 392 3093 evanuit.
429 3022 522 3094 Nam
543 3023 626 3094 dum
646 3022 919 3118 rexetregina
938 3026 1135 3119 aquodam
1154 3025 1226 3098 cle·

135 3121 232 3216 1·‚ico
258 3121 420 3194 nobili
385 3144 465 3194 viro
484 3121 632 3194 nomine
651 3123 868 3218 Uodalrico,
895 3123 954 3219 qui
980 3123 1029 3195 ibi
1047 3134 1135 3196 tunc
1152 3125 1227 3221 epi·

135 3177 269 3337 scoplts
295 3222 448 3297 ell'ectus
467 3231 542 3317 est
569 3221 789 3296 immensam
817 3221 1031 3319 peccuniam
1058 3247 1124 3319 pro
1153 3225 1227 3320 epi-

135 3323 288 3418 scopatu
314 3277 563 3419 susciperenl
590 3333 718 3417 postea
744 3345 810 3393 rex
832 3322 1119 3418 inpoenitentia
1148 3349 1227 3398 mo-

134 3431 214 3517 tus,
242 3432 327 3493 voto
353 3446 394 3494 se
413 3419 589 3514 obligavit
613 3444 680 3516 pro
699 3421 820 3515 aliquo
839 3421 1053 3532 episcopatu
1077 3425 1137 3494 vel
1162 3428 1225 3497 ab·

134 3521 232 3593 batia
266 3522 405 3592 nullam
440 3519 655 3614 peccuniam
688 3520 845 3616 amplius
868 3519 1058 3618 accipere
1090 3521 1225 3637 inquo

133 3630 221 3692 voto
246 3642 347 3714 pene
367 3623 459 3692 bene
485 3619 698 3716 permansit.
752 3620 825 3692 Sed
860 3619 958 3692 filius
991 3621 1069 3694 eius
1096 3623 1226 3700 tertius

134 3719 345 3814 Heinricus‚
372 3721 431 3815 qui
460 3729 587 3816 postea
614 3743 725 3791 rexe
727 3729 944 3814 taugustus
970 3721 1125 3796 effectus
1156 3733 1223 3820 est,

130 3821 274 3933 optime
287 3829 324 3891 et
342 3820 419 3892 sine
439 3844 538 3894 omni
531 3821 728 3917 scrupulo
744 3821 899 3917 patrium
914 3831 1038 3893 votum
1054 3779 1225 3919 expiavit:

135 3945 219 4015 quia
237 3920 273 3991 in
294 3921 393 3991 omni
413 3920 485 3991 vita
505 3943 572 3992 sua
588 3944 656 4015 pio
674 3921 843 3994 omnibus
856 3920 1091 4017 dignitatibus
1110 3923 1226 3994 eccle·

134 4020 291 4094 siasticis
316 4020 422 4111 unius
440 4020 536 4092 oboli
555 4021 720 4115 precium
739 4045 814 4092 nou
833 4021 962 4093 dicitur
980 4021 1098 4093 adhuc
1122 4045 1224 4094 acce-

133 4120 242 4218 pisse.
289 4121 364 4194 Rex
383 4143 470 4194 vero
490 4119 728 4194 Chnouradus
750 4120 932 4218 colloquio
957 4120 1073 4215 regali
1100 4121 1223 4194 habito

134 4253 159 4325 l)
177 4252 282 4308 Zdricli.
