3017 4884
179 559 184 564 Δ
304 459 507 534 WIPONlS
534 460 641 532 VITA
668 459 1060 539 cflaonnsnttnr.
1113 507 1116 518 ·
1183 465 1230 538 33

15 719 17 728 i
137 662 261 755 daret,
281 660 374 731 alter
392 658 511 732 eidem
531 659 611 731 sine
630 682 735 730 mora
755 659 912 746 cederet.
948 657 1114 732 Aestima
1132 660 1230 754 quad
1251 678 1330 732 tau.

3 788 4 813 1
137 758 287 854 dignam
316 758 363 831 sit
386 759 527 854 dicere,
555 781 626 853 qua
652 758 796 830 iutione
814 757 933 830 maior
951 759 1105 831 Chuono
1124 777 1230 833 suum

136 858 296 955 prodidit
312 857 515 953 ingenium,
547 883 621 928 non
640 859 735 952 quod
754 858 835 954 ipse
853 859 1067 954 desperaret
1084 881 1231 956 regere,
1257 880 1259 888 ·

3 987 15 1030 s·
136 959 233 1028 unde
266 958 341 1030 iam
368 967 495 1030 nutum
522 956 589 1029 Dei
624 956 829 1053 principum
864 957 1034 1031 cordibus
1060 956 1231 1054 inspirari

7 1087 14 1130 i·
115 1059 315 1153 percepit,
335 1058 399 1128 sed
419 1067 458 1128 ut
476 1056 622 1152 cognati
640 1057 819 1153 animam,
838 1082 910 1152 quo
929 1058 1050 1130 minas
1068 1057 1104 1127 in
1125 1057 1231 1130 novis

9 1189 12 1230 i
135 1159 564 1253 rebuspeiturbaretur,
591 1155 838 1228 confirmaret.
881 1157 959 1228 Hac
985 1156 1097 1251 igitur
1121 1181 1228 1253 prae·

6 1290 10 1311 ι
135 1255 362 1338 sicutissime
380 1256 546 1328 oratione
558 1255 660 1328 iilam
680 1255 895 1351 alloquitur:
914 1256 1031 1329 Rebus
1045 1259 1231 1350 prosperis

2 1388 12 1433 i
104 1355 351 1449 ,candipnam
368 1355 541 1449 pendium
559 1377 623 1426 acc
641 1356 834 1448 prauitatis
850 1355 995 1427 modam
1014 1354 1152 1426 excedit
1165 1378 1231 1428 nec
1339 1439 1343 1446 ‚

3 1529 4 1532 ,
136 1477 348 1549 qneraquam
367 1457 549 1548 inpratum
576 1477 651 1526 esse
675 1477 743 1547 pro
771 1457 927 1547 acceptis
944 1455 1118 1540 berniciis
1135 1457 1229 1547 sinit,

136 1559 171 1624 et
186 1556 279 1625 sicat
303 1556 340 1625 in
361 1555 524 1626 aduersis
542 1554 747 1647 dampnosa
769 1553 1049 1647 pusillanimitas
1067 1553 1119 1625 ad
1135 1553 1229 1626 dete·
1331 1602 1338 1607 -

4 1667 6 1674 '
135 1655 237 1724 riora
256 1653 383 1743 trahit,
409 1654 460 1726 sic
486 1654 522 1724 in
543 1653 707 1726 secandis
728 1653 880 1725 honesta
897 1653 1102 1733 iucunditas
1118 1654 1229 1725 domi·

4 1790 9 1834 r
135 1775 215 1824 neni
235 1751 286 1824 ad
303 1753 454 1830 meliora
472 1752 587 1845 ducit,
611 1759 648 1824 et
660 1776 796 1846 param
819 1752 915 1824 valet
937 1755 1077 1837 fractus
1096 1758 1236 1845 partae·

2 1891 8 1936 5
134 1851 324 1943 felicitatis,
347 1855 408 1947 pai
424 1851 615 1924 moderata
635 1851 826 1923 alacritate
844 1874 914 1922 non
930 1853 1052 1943 pascit
1069 1854 1229 1925 animrrm

2 1991 6 2036 ς
134 1951 346 2022 laborantis.
377 1950 577 2022 Haemode
597 1953 708 2022 anicii
719 1953 794 2030 vmei
810 1952 968 2044 ciperem
981 1952 1123 2044 mcpnis
1139 1973 1229 2044 pau·

2 2109 5 2118 .
135 2049 203 2122 diis
232 2053 358 2143 nuperi
382 2051 512 2144 sentio,
541 2050 637 2146 qaod
662 2073 705 2122 ec
722 2055 828 2122 tanta
848 2051 1018 2122 contione
1035 2073 1228 2125 consensus

2 2195 5 2235 3
132 2149 261 2242 parilis
280 2152 435 2222 omnium
454 2149 626 2222 nas‘daos
637 2149 862 2228 solantmado
876 2148 1125 2243 praevidebat,
1140 2172 1227 2244 qaa-

2 2302 4 2329 Λ
135 2271 215 2320 rara
234 2249 385 2322 alteram
399 2249 515 2343 repali
530 2251 678 2341 fastipio
696 2248 843 2320 locaret.
875 2248 994 2342 Neque
1011 2250 1102 2319 enim
1121 2250 1228 2320 aesti-

2 2413 4 2423 .
135 2372 237 2422 mare
270 2349 437 2422 debeam
470 2348 524 2421 vel
555 2347 738 2424 nobilitate
772 2348 828 2419 ccl
857 2346 987 2419 divitiis
1008 2349 1229 2443 propinquos

134 2454 280 2522 nostros
297 2447 522 2540 antecedere,
546 2453 611 2518 cat
628 2446 766 2542 aliquid
781 2470 849 2518 nas
863 2448 1105 2540 promeruisse
1123 2454 1227 2520 tanta

78 2605 84 2616 ,
136 2550 361 2620 ueneratione
384 2547 547 2641 dipnnm,
575 2547 709 2636 cerdis,
736 2547 904 2618 manibus
920 2569 994 2618 non
1012 2553 1153 2640 eportet
1167 2570 1227 2618 ea·

135 2647 267 2720 tollere.
321 2646 480 2722 Maiores
514 2647 628 2720 nostri
660 2645 817 2740 ploriam
848 2669 954 2718 suam
985 2647 1095 2729 frictis
1119 2667 1228 2739 qaam

136 2747 239 2820 dictis
255 2747 408 2840 prodere
426 2746 649 2818 maluerunt:
668 2746 847 2820 communi
861 2747 935 2817 vita
951 2749 1135 2816 contentos
1151 2767 1227 2816 esse

136 2846 272 2918 decedit
301 2845 475 2940 quoslibet
505 2846 597 2916 inter
621 2843 800 2939 aequales.
848 2841 1021 2938 Quicquid
1046 2849 1165 2914 autem
1190 2843 1229 2916 id

136 2952 204 3038 est,
233 2945 331 3040 quod
348 2943 399 3016 ad
417 2943 553 3038 aliquid
569 2943 763 3016 habiliores
781 2943 924 3038 reliquis
938 2931 1128 3038 putamur,
1145 2943 1249 3015 inde·

134 3051 258 3140 protes
284 3046 425 3116 auctori
447 3043 837 3116 Domina'reddamns.
881 3043 993 3126 Nobis
1019 3065 1105 3137 erpo
1131 3043 1227 3138 capi·

86 3177 93 3184 ·
135 3143 285 3216 tandum
304 3151 365 3238 est,
391 3167 435 3218 ne
455 3145 515 3238 qni
533 3144 653 3217 alteim
671 3146 903 3216 consensione
929 3142 1028 3236 dipni
1044 3148 1146 3214 tanto
1162 3143 1225 3214 no·

135 3267 221 3317 nare
252 3247 432 3316 aestimati
446 3267 597 3338 -samas,
626 3246 778 3338 proprio
810 3250 845 3314 et
873 3241 1049 3327 familiari
1078 3241 1227 3314 dissidia

134 3344 271 3440 indipni
286 3345 356 3416 hac
372 3347 494 3438 pratia
513 3342 709 3416 videamur.
746 3342 900 3414 Stultum
919 3347 973 3412 est
987 3342 1079 3412 enim
1108 3340 1227 3414 aliena

133 3449 309 3538 potestate
336 3465 406 3536 pro
432 3465 501 3514 sua
527 3443 673 3512 nimiam
698 3440 805 3512 abuti.
865 3439 1032 3511 inomni
1061 3439 1228 3510 electione
1299 3503 1304 3510 .

134 3543 265 3618 nemini
287 3541 369 3614 licet
390 3540 433 3612 dc
458 3564 496 3612 se
520 3541 597 3633 ipso
616 3539 797 3630 indicarer
824 3538 906 3610 licet
930 3543 1051 3610 autem
1077 3538 1120 3610 de
1143 3537 1227 3618 alio.

137 3641 273 3731 Quodsi
300 3640 408 3712 alieni
425 3639 469 3712 de
485 3664 524 3712 sc
541 3639 678 3733 liceret,
706 3645 792 3735 pact
809 3637 962 3732 repedas,
981 3661 1053 3710 non
1070 3644 1111 3710 ut
1125 3661 1228 3733 repes

136 3742 276 3833 dicam,
295 3739 518 3812 videremus?
542 3739 623 3814 Non
650 3745 733 3812 erat
755 3745 904 3812 nostrae
919 3740 1108 3831 potestatis
1133 3737 1228 3812 hanc

136 3842 342 3936 dipnitatem
368 3863 411 3912 ea
427 3841 546 3914 multis
563 3842 654 3912 inter
675 3839 778 3912 binos
795 3844 995 3910 coarctare.
1037 3834 1136 3929 Vota,
1155 3844 1227 3908 sta·

77 3973 83 3980 ·
136 3941 210 4035 dia,
224 3962 416 4018 consensus
430 3941 666 4032 Franeonrm,
680 3938 1008 4031 Lintlrarinpcrum,
1026 3935 1225 4030 Serranam,

135 4041 370 4133 Noricorum,
397 4037 699 4131 Alamannorum,
727 4062 836 4133 qnam
864 4037 1036 4130 optimam
1064 4035 1226 4108 nolunta-

134 4147 203 4214 tem
221 4140 412 4233 habebant,
431 4138 482 4210 ad
499 4138 832 4231 nos'conferedaut,
850 4143 1037 4230 tamquam
1055 4134 1107 4206 ad
1122 4138 1227 4207 unius

134 4242 255 4334 stirpis
280 4242 531 4334 propapinem,
560 4237 664 4310 celati
681 4237 733 4310 ad
750 4261 860 4309 unam
879 4235 1025 4314 domurn
1032 4289 1043 4329 ,
1068 4235 1163 4308 acar
1177 4235 1229 4311 ad
