3017 4884
306 362 514 497 latronis
539 425 648 496 vnn
677 368 949 496 cuuoumm
976 425 1067 497 rur.
1182 432 1231 502 ua

139 624 307 720 comitisq
330 623 390 720 qui
416 633 496 695 erat
522 623 818 718 consanguineas
836 623 1098 720 imperatoris,
1118 628 1231 698 deso·
1252 646 1330 700 tear.

138 725 233 796 lavit.
270 724 410 796 Deinde
427 746 565 818 magno
591 721 950 794 exercitmiuvenurn
970 723 1123 795 collecto
1142 725 1231 797 Bur
1287 719 1292 726 ’

116 825 311 920 'guadiam
331 823 483 919 invasit7
513 830 551 893 et
568 823 663 894 ultra
682 831 843 894 castrum
861 821 1084 894 Salodurum
1103 849 1229 920 quam-

138 927 223 996 dam
252 925 408 995 insulam
441 945 578 1017 aggere
610 932 648 994 ot
676 921 951 994 vallobrmare
979 922 1110 1018 coepit.
1142 925 1229 998 [Set

90 1092 100 1110 ‚
136 1023 336 1097 Ruodolfus
355 1045 419 1092 rex
432 1021 731 1115 Burgundionum
750 1020 888 1107 veritus
907 1021 1052 1092 bostem
1072 1023 1229 1118 impera·

136 1121 226 1212 toris
244 1123 432 1218 recipere7
461 1125 506 1193 ab
524 1121 670 1217 incepto
698 1123 801 1192 illum
827 1119 1023 1216 prohibuit.
1058 1122 1147 1194 lnde
1172 1147 1229 1195 re·

135 1243 286 1317 versus,
325 1244 435 1316 supra
464 1220 634 1292 Turicum
666 1222 850 1316 quoddam
873 1229 1035 1291 castrum
1061 1223 1227 1318 munivitq

136 1331 173 1392 et
187 1321 408 1416 Augiensem
423 1319 616 1394 ecclesiam
631 1345 786 1395 necnon
801 1320 984 1393 abbatiam
1003 1322 1123 1394 sancti
1133 1322 1227 1396 Galli

136 1420 287 1494 nimium
308 1421 558 1516 distrahendo,
578 1445 656 1492 non·
666 1421 851 1492 mediocre
864 1421 1068 1516 dampnum
1087 1422 1228 1518 patriae

135 1519 264 1593 intulit.
298 1519 361 1592 Sic
381 1517 588 1616 posthabita
609 1521 693 1615 lege
709 1531 758 1591 ¹et
772 1519 937 1614 iustitia,
963 1543 1077 1614 usque
1096 1522 1227 1595 adim·

135 1619 316 1716 peratoris
334 1620 490 1692 reditum
509 1619 640 1716 iniquis
660 1619 850 1692 conatibus
867 1619 1068 1692 insistebat.
1137 1622 1141 1628 ’

161 1779 219 1852 20.
254 1777 337 1850 Ubi
364 1779 708 1854 duxErnustus
735 1801 783 1851 se
810 1779 959 1878 denuo
986 1777 1199 1851 reddidit.

207 1913 300 1984 Pace
331 1937 398 2009 per
427 1921 543 1984 totam
575 1913 718 1984 ltaliam
751 1912 989 2009 confirmata,
1021 1916 1224 2010 imperator
1244 1935 1301 1990 tun.

134 2011 374 2087 Chuonradus
393 2037 571 2109 prospero
588 2013 705 2090 reditu
724 2013 763 2083 in
779 2011 1035 2084 Alamanniam
1054 2013 1167 2110 venit,
1189 2023 1226 2084 et

133 2111 169 2190 in
191 2113 356 2207 Augusta
382 2113 568 2189 Vindelico
593 2113 813 2209 colloquium
841 2111 1021 2187 familiare
1048 2134 1131 2187 cum
1150 2112 1225 2188 suis
1244 2133 1294 2187 tur.

133 2210 300 2285 fidelibus
330 2223 480 2309 tenens,
518 2216 563 2284 de
601 2211 847 2308 proditoribus
885 2212 1026 2307 patriae
1063 2221 1224 2290 tractare

133 2311 264 2406 eoepit.
290 2312 379 2385 lude
398 2313 443 2383 ad
462 2311 750 2408 oppidumquod
765 2310 873 2388 Ulma
891 2324 1043 2386 vocatur
1058 2311 1224 2407 veniens,

133 2411 353 2509 colloquium
380 2410 756 2507 publioecondiotum
780 2409 855 2481 illic
876 2410 1013 2483 babuit.
1049 2410 1130 2482 Huc
1153 2413 1225 2483 dtnt

100 2555 102 2563 ι
131 2512 309 2588 arnustus
335 2535 409 2584 non
428 2521 513 2584 voto
533 2511 697 2607 supplice
721 2509 841 2603 venit,
870 2510 1030 2585 conlisus
1048 2509 1084 2581 in
1103 2511 1223 2584 multi·

131 2610 256 2686 tudine
281 2609 436 2688 militum
464 2635 556 2706 quos
582 2610 742 2707 optimos
771 2610 918 2704 babuit,
943 2620 983 2681 ut
1007 2610 1067 2682 vel
1094 2633 1223 2682 secun-

132 2711 217 2782 dum
244 2710 384 2786 libitum
408 2735 495 2784 *utrm
523 2733 673 2784 caesare
698 2733 739 2782 se
764 2722 936 2804 pacaret,
963 2710 1022 2780 vel
1046 2711 1130 2786 iude
1157 2733 1224 2804 per

130 2819 353 2905 potestatem
385 2809 531 2883 rediret.
575 2809 627 2880 Et·
650 2809 774 2888 babilo
806 2808 988 2903 colloquio
1020 2833 1106 2883 oum.
1133 2809 1223 2906 suis,

129 2909 289 3005 primum
307 2908 450 2982 monuit
468 2932 532 2982 eos
558 2908 643 2980 fidei
668 2909 986 2985 sacramentaliter
1003 2907 1222 3005 promissae,

129 3008 265 3080 dehinc
283 3010 496 3083 hortabatur
522 3032 609 3106 eos,
638 3033 685 3080 ne
709 3010 811 3082 illum
830 3011 1065 3105 desererent,
1091 3011 1221 3080 nebo·

129 3131 260 3180 norem
287 3131 393 3182 suum
413 3111 628 3204 perdet-enm
656 3133 729 3181 non
748 3112 880 3183 decere
899 3134 963 3181 eos
981 3110 1222 3186 immemores

129 3209 230 3306 fore,
259 3207 296 3280 in
320 3209 482 3282 historiis
506 3219 651 3305 patrum
676 3220 827 3305 semper
851 3209 1077 3280 Alamannos
1103 3211 1222 3285 bonae

128 3305 213 3381 fidei
239 3318 276 3381 et
302 3309 508 3382 stabilitatis
535 3309 571 3380 in
597 3309 767 3380 dominos
784 3307 1035 3380 testimonium
1065 3307 1221 3398 babere3

127 3407 222 3480 etsi
249 3408 315 3480 sibi
342 3409 405 3480 fidi
433 3409 573 3502 torentq
604 3406 674 3478 illis
693 3405 879 3503 praemia„
909 3404 1068 3501 posteris
1093 3429 1221 3482 eorum

126 3506 286 3602 gloriam
304 3516 341 3576 et
365 3508 547 3578 honorem
570 3529 652 3579 esse
670 3505 842 3576 futurum.
877 3503 979 3577 Talia
997 3504 1130 3577 dicenti
1149 3506 1220 3577 duo

128 3605 282 3680 comites
317 3604 519 3678 Friderieus
559 3613 598 3679 ct
620 3605 843 3678 Ansbelmus
874 3628 941 3700 pro
976 3605 1139 3678 caeteris.
1164 3629 1221 3678 re·

127 3706 360 3802 spondebant
385 3707 456 3778 hoc
475 3706 604 3778 modo:
632 3705 806 3778 Nolumus
823 3706 995 3798 inficiari,
1022 3708 1104 3801 quin
1123 3705 1222 3778 uobis

126 3805 232 3894 tidem
263 3807 410 3891 firmiter
431 3808 717 3898 promitteremus
747 3813 875 3878 contre
906 3828 1046 3898 omnes,
1075 3810 1222 3897 prereter

128 3929 209 3980 eum
235 3906 295 3999 qui
311 3928 379 3976 nos
395 3906 493 3978 uobis
511 3904 616 3978 dedit.
653 3905 693 3976 Si
712 3907 805 3978 serui
822 3927 978 3978 essemus
996 3906 1090 3998 repis
1108 3909 1143 3974 et
1157 3905 1220 3972 im·

125 4005 309 4098 peratoris
327 4007 460 4098 nostri,
487 4011 522 4074 et
545 4004 591 4076 ab
616 4027 656 4076 eo
680 4008 750 4077 iuri
767 4011 887 4078 oestro.
902 4004 1117 4096 mancipati,
1147 4023 1221 4076 nou

128 4105 231 4176 nobis
249 4103 370 4177 liceret
396 4129 419 4176 u
445 4103 543 4175 uobis
558 4106 737 4198 separari.
772 4105 876 4177 Nunc
893 4127 996 4198 vero,
1023 4126 1103 4176 cum
1121 4101 1220 4175 libert

126 4206 239 4276 simus
254 4211 287 4276 et
298 4204 473 4278 libertatis
487 4210 633 4278 nostrae
646 4227 821 4278 summum
836 4205 1056 4289 defensorem
1070 4204 1107 4275 iu
1120 4208 1219 4296 terra
