3017 4884
278 476 326 550 30
444 469 645 548 WlPONlS
670 469 781 545 VITA
806 461 1082 547 CllUONllblll
1108 472 1199 548 llll'.
1234 475 1238 481 ’

54 714 57 721 f
178 683 256 806 2224
277 674 398 748 dicere
412 671 636 769 conveniret,
653 696 864 747 memorare
878 671 1002 768 vitavi,
1016 697 1237 770 quemquam
1252 684 1290 746 22
1302 697 1370 749 222

275 773 430 846 summis
456 777 565 846 rebus
583 775 732 872 2212222,
758 774 971 868 consulere,
999 795 1215 846 succurrere
1230 774 1370 888 procul
1489 788 1490 849 i

276 874 383 946 dubio
410 873 651 985 perceperim
698 875 841 946 ltaliam
867 884 1038 968 2222222,
1060 873 1162 945 22222
1181 875 1368 985 principes
1489 880 1490 893 ³

275 973 311 1068 in
327 972 427 1046 brevi
442 973 639 1046 convenire
652 977 698 1045 ad
712 975 857 1069 regiam
869 972 1087 1045 electionem
1102 973 1366 1068 nequiverunt,
1404 1049 1412 1058 ,

275 1073 335 1170 qui
360 1074 596 1170 postmodum
622 1073 657 1144 in
681 1077 772 1145 urbe
791 1073 1062 1145 Constantiensi
1087 1096 1169 1145 cunr
1190 1075 1369 1170 archiepi-

274 1194 388 1270 scopo
412 1173 676 1246 Mediolanensi
695 1185 733 1246 et
758 1175 909 1268 reliquis
931 1172 1156 1268 principibus
1174 1197 1367 1246 occurren·
1489 1208 1490 1215 ¹

145 1331 151 1341 ,
273 1283 330 1346 222
366 1272 466 1367 regi,
496 1272 551 1345 sui
583 1272 705 1347 effecti
732 1283 835 1368 2222,
868 1281 905 1346 22
934 1274 968 1344 22
999 1272 1214 1344 fidelitatem
1239 1273 1366 1346 libenti

274 1371 397 1444 animo
415 1373 637 1444 iuraverunt.
666 1373 786 1445 Duces
805 1383 928 1445 autem
942 1373 1160 1469 supradictis
1173 1373 1261 1446 viris
1280 1399 1366 1446 con·
1489 1404 1490 1429 1

273 1472 504 1570 temporanei
529 1471 566 1544 hi
592 1473 758 1546 fuerant:
785 1473 913 1546 benno
933 1475 1003 1545 dux
1023 1473 1227 1570 Senoniae,
1258 1475 1366 1546 Adel-

272 1575 362 1646 bero
388 1574 459 1644 dux
494 1571 671 1671 Histriae,
699 1573 828 1646 Hezilo
852 1576 925 1647 dux
948 1571 1159 1667 baioariae,
1187 1575 1364 1650 Ernestus
1394 1626 1399 1634 ·

273 1676 345 1745 dux
379 1673 639 1768 Alamanniae‚
682 1673 1006 1768 Lintharingorum
1042 1675 1114 1744 dux
1148 1673 1364 1770 Fridericos‚

272 1771 528 1846 Ribuariornm
547 1775 617 1844 dux
641 1773 800 1869 (222212,
821 1775 974 1846 Cbuono
993 1770 1275 1846 Wor'ruatiensis
1288 1777 1364 1845 dos

267 1873 518 1969 Francorum,
554 1873 770 1945 Uudalricus
803 1876 874 1946 dux
900 1873 1117 1964 Bobemiae.
1153 1873 1363 1968 Burgundio

272 1973 370 2043 enim
390 1975 552 2044 nondum
572 1974 739 2044 Romano
758 1973 935 2070 imperio,
952 1975 1004 2044 ita
1023 1983 1063 2044 ut
1079 1997 1198 2068 2222,
1217 1973 1363 2046 acclivis

270 2073 401 2144 luerat.
439 2072 543 2157 Quod
563 2081 685 2144 autem
705 2075 816 2144 modo
835 2074 995 2146 subiecta
1015 2083 1084 2164 222,
1102 2075 1213 2146 trium
1231 2096 1362 2170 regum

271 2171 411 2267 gloriae
439 2170 683 2243 adsensum.-
711 2173 903 2246 Secundus
938 2172 1133 2246 lleinricus
1161 2172 1363 2270 imperator

269 2272 430 2370 primum
448 2295 533 2343 *eam
553 2272 923 2369 subicere-impendit7
943 2282 981 2344 et
994 2274 1088 2346 bene
1107 2273 1143 2344 in
1157 2274 1230 2345 boc
1244 2275 1362 2347 studio

269 2371 528 2468 perseveravit.
555 2371 696 2444 Deinde
716 2372 958 2446 Chuonradus
973 2374 1178 2470 imperator
1194 2373 1362 2447 animoso

268 2473 409 2568 impetu
427 2472 588 2542 Francos
606 2471 757 2544 Latinos
783 2472 966 2545 hostiliter
984 2497 1028 2545 ex
1046 2497 1091 2545 ea
1110 2473 1230 2569 eiecit,
1249 2476 1361 2546 bello·

270 2595 341 2668 que
355 2595 442 2643 eam
462 2571 678 2665 subiugavit.
710 2573 765 2644 Ad
778 2583 985 2644 extremum
1002 2595 1069 2644 rex
1082 2572 1274 2645 Heinricus
1284 2584 1362 2646 ter·
1489 2588 1490 2595 ’

269 2671 356 2766 tius,
371 2670 466 2767 2222,
485 2669 674 2768 pacificus>
690 2671 787 2744 linea
803 2671 982 2769 22222222,
1000 2673 1097 2744 bello
1115 2683 1153 2743 et
1166 2695 1258 2769 pace
1275 2696 1363 2746 ean·

268 2772 351 2844 dem
370 2771 622 2866 Burgundioni
639 2772 862 2868 temperavit
888 2796 971 2844 cum
990 2773 1283 2868 magnificentia:
1301 2775 1363 2848 ubi
1489 2820 1490 2863 i

268 2893 363 2966 qnae
388 2871 509 2942 divina
533 2870 765 2967 providentia
789 2883 867 2944 tam
885 2873 988 2968 pacis
1007 2895 1118 2968 qnam
1137 2873 1222 2946 belli
1241 2875 1360 2946 consi·

267 2972 347 3066 1222,
378 2970 541 3042 conciliis
567 2981 605 3042 et
629 2972 889 3068 conventibus,
917 2973 1059 3068 quibus
1072 2973 1291 3046 interdum
1281 2999 1362 3070 ipse

267 3069 428 3166 interlui7
449 3069 606 3166 peregit,
625 3071 715 3143 21222
735 3075 1048 3144 commemorabo.
1092 3075 1198 3147 Nunc
1214 3075 1260 3145 ad
1278 3099 1360 3172 pro·
1489 3080 1490 3107 ³

265 3171 427 3266 positum
463 3172 586 3242 redeo.
639 3171 801 3266 Ungaria
836 3181 981 3268 222222,
1017 3195 1127 3269 quam
1162 3173 1261 3245 idem
1296 3198 1361 3246 rex

265 3270 459 3344 1122222222
471 3270 602 3342 tertius
615 3271 727 3343 nobili
747 3281 867 3384 atque·
868 3271 1026 3344 mirabili
1040 3272 1191 3346 victoria
1206 3273 1359 3370 domuit,

184 3457 193 3464 ι
266 3380 304 3442 22
331 3380 415 3468 post
440 3369 632 3444 victoriam
658 3370 935 3468 sapientissimo
958 3373 1111 3446 consilio
1137 3373 1203 3446 sibi
1223 3382 1260 3443 et
1278 3397 1361 3447 suc

266 3471 472 3545 sessoribus
492 3471 567 3544 suis
585 3471 779 3584 stabilivit,
809 3472 997 3570 praedicto
1021 3484 1192 3570 tempore
1210 3496 1280 3544 nee
1298 3497 1360 3544 au·

259 3571 344 3643 dire
362 3595 430 3643 nos
449 3571 675 3646 sustinuit·
1242 3619 1246 3625 -

366 3670 485 3767 Supra
520 3673 717 3742 memorati
751 3672 914 3769 episcopi
948 3684 986 3745 et
1009 3675 1122 3746 duces
1149 3673 1359 3769 caeterique
1489 3714 1490 3725 ¹

264 3779 455 3884 22222222,
484 3771 578 3842 haud
607 3770 714 3843 aliter
730 3772 932 3868 periculum
952 3773 1127 3846 minitans
1146 3772 1279 3845 melius
1297 3781 1361 3844 aut

263 3870 368 3944 222222
387 3872 545 3954 evadere
563 3869 652 3968 2222,
672 3890 816 3942 summa
836 3895 906 3969 ope
925 3883 961 3945 et
979 3873 1158 3946 industria
1175 3897 1360 3966 memora·

263 3970 325 4044 bili
344 3975 553 4069 utebantur,
574 3993 694 4043 neres
713 3971 858 4084 publica
876 3973 1054 4047 diutius
1025 3998 1106 4046 sme
1120 3985 1276 4087 regente
1293 3999 1360 4044 nu·

262 4080 367 4143 taret.
395 4072 541 4145 Privata
555 4069 707 4143 consilia
722 4081 760 4144 et
772 4072 916 4146 animos
930 4076 1178 4171 singolorum,
1194 4074 1250 4147 cui
1263 4074 1359 4169 quis·

263 4195 373 4268 quam
396 4171 640 4267 consentiret,
667 4171 723 4244 cui
743 4172 972 4272 dissentiret,
998 4185 1062 4246 aut
1080 4197 1192 4270 quem
1210 4173 1279 4246 sibi
1297 4176 1361 4245 do-

262 4271 402 4347 minum
422 4282 579 4369 2222222,
612 4272 851 4396 epistolarum
874 4286 912 4346 et
930 4232 1138 4368 legatorum
1158 4273 1360 4348 commodi·
1413 4297 1420 4309 ·
