3017 4884
310 386 530 464 wrroms
541 351 648 465 ιιιι
675 385 949 465 cnuoanmr
974 385 1064 460 mr.
1187 391 1235 463 ιι

146 586 379 698 imperatoris
398 585 611 661 diiudicatus
629 593 699 680 est
717 597 753 658 et
771 583 917 678 penitus
935 587 1068 659 ducatu
1086 586 1235 682 amisso,
1258 606 1335 660 toao.

147 711 230 758 eum
259 686 385 783 paucis
411 685 495 756 inde
517 683 680 756 recessit.
722 683 929 794 Imperator
953 707 1040 756 vero
1066 687 1237 758 ducatum

145 787 387 868 Alamanniae
414 781 675 857 Herimauno
665 781 818 879 iuniori,
854 783 957 858 fratri
984 784 1148 859 eiusdem
1173 785 1237 856 Ει-

147 885 262 979 rusti„
289 885 407 977 dedit
437 905 594 978 eumque
617 883 843 980 Warmannc
870 883 1139 957 Constantiensi
1165 884 1239 980 epi-

147 1009 261 1080 scopo
281 939 580 1074 commendavit
602 981 807 1092 Imperator
827 967 913 1052 v'ero
938 983 1124 1055 communi
1153 1007 1238 1076 oon·

147 1083 229 1158 silio
257 1083 420 1157 omnium
446 1080 652 1178 principum
671 1104 776 1176 regni
769 1079 967 1157 eumdem
985 1071 1194 1157 Ernustum
1202 1094 1239 1162 et

148 1193 301 1274 cunctos
326 1181 484 1256 iustitiae
512 1191 548 1254 et
573 1204 655 1277 paci
647 1180 896 1274 reluctantes
914 1184 959 1253 ab
978 1181 1161 1294 episcopis
1179 1207 1239 1256 ex·
1345 1180 1355 1198 '

148 1281 413 1372 communicari
444 1280 549 1376 lecit
589 1303 790 1375 eorumque
824 1303 884 1353 res
918 1281 1095 1376 publicari
1124 1281 1238 1354 iussit.

147 1383 259 1480 lpsa
250 1407 391 1480 impera
394 1381 464 1452 trix
483 1379 631 1476 Gisola7
641 1381 736 1475 quod
756 1379 854 1452 dictu
872 1391 928 1452 est
946 1381 1155 1454 miserabile
1174 1385 1238 1455 sed

147 1491 232 1563 actu
261 1480 481 1576 laudabile
498 1477 612 1553 filium
642 1479 889 1551 inconsultum
828 1480 1075 1578 umsapienti
1107 1481 1239 1555 marito

148 1591 394 1693 postponens,
414 1579 596 1675 publicam
615 1575 726 1652 fidem
745 1579 845 1672 dedit
861 1579 1052 1677 omnibus⁷
1071 1579 1239 1676 quicquid

149 1680 199 1752 illi
213 1679 414 1752 accidisset.
435 1679 570 1751 nullam
586 1676 765 1750 ultionem
781 1701 901 1774 neque
918 1682 1058 1758 malum
1076 1681 1238 1770 animum

148 1803 216 1876 pro
236 1782 305 1852 hac
322 1803 363 1851 re
382 1803 422 1852 se
440 1777 664 1850 reddituram
685 1781 774 1849 lore.

150 1937 208 2010 26.
240 1937 388 2023 Quod
422 1935 681 2048 imperator
708 1957 848 2031 super
874 1935 1111 2031 Ungarics
1137 1962 1238 2012 cum

508 2033 714 2106 exercitu
740 2035 881 2106 venit

222 2169 360 2244 Eodem
378 2181 547 2266 tempore
563 2170 710 2242 rau-ttae
718 2120 989 2246 dissensiones
980 2181 1077 2248 mter-
1089 2122 1239 2266 gentem

148 2269 395 2344 Pannonicum
409 2281 451 2342 et
468 2269 677 2365 BaioaricS,
704 2271 809 2365 culpa
825 2279 954 2345 tamen
972 2270 1238 2366 baioariorum,

20 2387 27 2404 ·
148 2369 268 2444 factae
291 2379 397 2449 sunt
423 2369 478 2448 ita
506 2379 546 2443 ut
569 2369 780 2482 Stephanus
797 2393 864 2448 rex
881 2369 1127 2464 Ungariorum
1144 2375 1237 2452 mul·

148 2481 206 2542 tas
232 2455 460 2543 incursiones
486 2479 524 2544 et
547 2467 738 2566 praedas
729 2493 766 2540 ιιι
796 2486 912 2564 reguo
938 2471 1176 2572 Noricorum
1203 2474 1239 2549 id

149 2578 206 2640 cst
223 2569 489 2666 baioariorum
508 2569 657 2644 faceret.
691 2569 797 2643 Unde
815 2580 1023 2648 commotus
1039 2531 1241 2668 impariter

150 2667 396 2743 Chucnradus
408 2691 489 2742 cum
509 2669 639 2763 grandi
664 2668 827 2742 exercitu
850 2693 962 2763 super
978 2671 1162 2764 Ungarics
1179 2697 1240 2746 ve
1346 2701 1349 2706 ·

148 2767 214 2841 nit·
247 2771 326 2842 Rex
350 2777 474 2844 autem
492 2767 701 2878 Stephanus
724 2766 876 2841 minime
902 2767 1090 2842 sufficiens
1114 2774 1241 2844 adver-

148 2890 213 2943 sus
229 2867 512 2979 imperatorem.
541 2865 766 2944 orationibus
793 2876 830 2938 et
852 2866 995 2940 ieiuniis
1012 2868 1049 2940 in
1067 2870 1239 2948 universo

149 2990 266 3060 regno
293 2991 360 3041 suo
387 2964 554 3062 indictis,
581 2965 803 3064 praesidium
821 2966 967 3043 Domini
985 2975 1239 3048 tantummodo

148 3063 349 3162 flagitabat.
385 3067 590 3163 Imperator
621 3077 698 3141 tam
727 3067 908 3140 munitum
938 3090 1094 3164 regnum
1120 3069 1240 3146 fluviis

149 3175 187 3238 et
204 3165 331 3240 silvis
322 3175 460 3242 intrare
480 3191 553 3240 non
571 3168 718 3278 valens,
740 3167 871 3239 multis
890 3177 1015 3280 tamen
1033 3172 1240 3264 praedatio·

149 3265 255 3342 nibus
282 3265 459 3340 incendiis
485 3267 581 3340 eirca
598 3265 786 3342 terminos
810 3266 916 3361 regni
940 3265 1109 3340 iniuriam
1133 3293 1239 3370 suam

149 3374 206 3441 sat
206 3363 242 3437 is
192 3366 459 3460 tulciscens,
488 3389 657 3438 reversus
676 3376 753 3457 est3
780 3365 909 3436 volens
935 3376 1105 3462 tempore
1132 3363 1240 3464 opor·

148 3464 281 3536 maiori
302 3475 408 3560 cepta
427 3419 492 3536 sira
510 3487 722 3560 peragere.
719 3419 812 3537 Sed
831 3463 927 3536 lilius
945 3489 1031 3539 suus
1049 3492 1115 3540 rex
1132 3469 1241 3543 Hein—
1343 3465 1347 3471 ’

148 3561 244 3638 ricus
262 3566 382 3642 adhuc
400 3564 587 3660 puerulus
605 3563 805 3659 Eigilberto
822 3563 1049 3660 Frisingensi
1066 3567 1240 3682 episeopo

149 3663 328 3759 creditus
363 3664 549 3760 legatione
579 3663 773 3777 Stephani
786 3664 885 3758 regis
915 3688 1046 3780 pacem
1076 3669 1240 3764 rogantis

149 3772 319 3876 accepta
346 3763 453 3836 unico
481 3763 632 3841 consilio
658 3763 865 3860 principum
890 3767 1033 3860 regni
1049 3779 1153 3863 patre
1178 3793 1241 3842 ne·

150 3862 303 3959 sciente,
319 3863 478 3957 gratiam
495 3864 806 3942 reconciliationis
824 3863 991 3944 annuit¹z
1018 3866 1112 3938 iuste
1130 3877 1168 3940 et
1184 3892 1240 3940 sa·

150 3963 293 4059 pienter
319 3987 456 4058 agens,
484 3964 545 4060 q'ui
571 3988 720 4076 regem
727 3964 860 4038 iniuste
887 3964 1117 4063 iniuriatum,
1144 3967 1239 4041 ultro

150 4074 339 4158 petentem
356 4063 534 4159 gratiam,
554 4063 695 4168 recepit
712 4063 749 4136 in
769 4063 978 4143 amicitiam.

152 4197 180 4266 1)
196 4213 222 4250 ι.
244 4196 441 4253 llerimaunurn
465 4215 488 4250 ι.
511 4197 591 4251 totth
616 4189 620 4240 ἒ
