3017 4884
330 389 531 464 WlPONlS
558 391 672 504 ι’,ῘΤΑΙ
693 387 967 506 GHUOKRADl
993 388 1083 462 tote.
1204 391 1253 462 69

162 591 325 685 Capuam
344 589 511 685 aliasque
526 589 691 662 civitates
704 588 859 684 Apuliae
873 589 957 682 lege
975 585 1161 658 etirrstitia
1177 595 1251 658 sta·
1273 590 1351 645 ¹⁰38·

161 689 288 782 bilivit
307 689 556 762 dissensiones
575 711 668 784 quae
687 696 794 760 erant
812 685 908 758 inter
925 686 1174 758 Nortmannos
1193 709 1252 757 ex-

161 798 310 861 traneos
330 799 366 860 et
390 789 583 882 indigenas
601 786 707 860 sola
698 787 860 859 iussione
878 786 1032 880 sedavit
1058 795 1096 857 et
1113 785 1253 858 cunctis

162 887 427 962 offensionibus
445 891 490 958 de
508 910 624 982 regno
643 885 797 958 sublatis
811 885 965 959 feliciter
982 907 1166 981 reversus
1185 887 1253 958 Ka·

162 1011 322 1060 vennam
350 987 456 1058 veuit.
493 987 545 1060 lbi
570 986 753 1097 dispositis
772 985 1026 1057 obsidionibus
1054 996 1091 1056 et
1114 984 1253 1058 insidiis

162 1089 337 1158 adversus
355 1087 669 1199 Mediolanenses,
688 1110 750 1182 qur
773 1086 892 1157 adhuc
909 1084 977 1156 sibi
995 1083 1152 1156 rebelles
1177 1085 1253 1156 tire·

162 1197 267 1282 rant
307 1187 534 1282 caeterisque
563 1189 672 1270 rebus
710 1187 753 1256 ad
793 1185 1019 1256 voluntatem
1046 1208 1153 1256 suam
1187 1207 1254 1280 per

162 1242 318 1380 regniun
344 1284 525 1382 composit
527 1285 577 1381 ie,
610 1283 768 1381 patriam
796 1283 959 1356 revisere
984 1283 1156 1355 docrevit
1199 1284 1252 1357 llo
1273 1282 1322 1336 ¹¹¹¹

161 1395 330 1480 tempore
349 1395 500 1480 propter
518 1383 670 1456 nimium
691 1383 904 1455 calorem
868 1383 983 1454 nimia
1002 1383 1180 1477 contagio
1191 1408 1253 1479 pe·
1417 1381 1423 1388 ’

91 1511 93 1514 ·
162 1484 345 1556 stilentiae
378 1484 578 1556 exercitum
606 1482 738 1555 invasit
749 1506 909 1579 neque
932 1481 1112 1555 aetatibus
1134 1506 1254 1594 neque

163 1585 331 1680 personis
363 1583 538 1697 pepercit
590 1583 643 1655 lbi
673 1582 802 1676 regina
832 1582 1089 1694 Chnnehildis·⁷
1120 1583 1254 1654 coniux
1366 1624 1370 1633 =

162 1682 323 1754 Heinrici
341 1685 453 1778 regis,
477 1685 532 1756 15.
559 1681 743 1777 Kalendas
766 1682 920 1776 Augusti
945 1681 1049 1777 quasi
1072 1681 1109 1752 in
1127 1680 1253 1754 limine
1270 1683 1321 1738 ¹¹¹¹

162 1783 258 1854 vitae
270 1783 479 1880 ingressu
497 1769 627 1853 mortis
645 1781 814 1853 occubuit
822 1782 1070 1876 relinquens
1094 1791 1253 1854 tantum·
1282 1757 1322 1810 ¹⁸

163 1883 273 1952 modo
310 1883 429 1955 solam
456 1880 607 1952 filiolam
635 1883 679 1952 de
705 1887 815 1976 regeq
851 1905 960 1976 quam
992 1889 1122 1976 postea
1148 1890 1254 1975 pater

163 1981 308 2054 Christo
334 1973 584 2076 desponsans
614 1979 651 2051 in
677 1979 902 2052 abbatissam
930 2003 1140 2053 consecrari
1130 1979 1252 2052 fecit.

162 2080 272 2153 lilius
300 2079 542 2176 imperatricis
569 2079 816 2152 Herimannus
849 2082 921 2151 dux
949 2079 1253 2173 Alamannorum,

162 2179 303 2252 invenis
329 2184 446 2252 bonae
471 2179 602 2250 indolis
631 2189 667 2250 et
691 2179 727 2249 in
755 2181 865 2250 rebus
883 2179 1024 2250 bellicis
1042 2188 1290 2290 strennum,

162 2281 292 2351 eadem
325 2289 428 2375 peste
463 2301 574 2372 grava
578 2287 636 2352 tus
662 2277 759 2348 inter
787 2301 919 2348 manus
949 2277 1254 2390 peritissimorum

162 2379 434 2450 medicorum
414 2403 448 2452 o
467 2377 650 2471 Kalendas
677 2376 832 2470 Augusti
850 2401 924 2449 nou
943 2402 1022 2451 sine
1037 2400 1173 2471 magno
1192 2378 1254 2448 de·
1275 2371 1323 2425 ¹¹¹¹·

161 2477 336 2549 tumente
354 2477 497 2573 imperii
490 2477 615 2549 obiit.
651 2477 791 2548 Eodem
810 2500 939 2548 mense
957 2487 1067 2572 atque
1085 2476 1254 2571 sequenti
1279 2445 1324 2498 ²⁸

163 2577 323 2648 maxima
350 2578 542 2648 multitudo
571 2577 751 2649 exercitus
779 2579 908 2648 morbo
935 2585 1105 2648 contacta
1135 2575 1252 2671 periit.

141 2677 305 2772 'Corpus
337 2677 488 2770 reginae
515 2686 685 2746 tenerum
713 2685 749 2744 et
772 2667 990 2771 delicatum,
1027 2674 1253 2746 aromatibus

164 2776 349 2846 conditum
376 2799 458 2846 cum
483 2797 573 2868 rege
601 2783 637 2844 et
660 2773 891 2868 imperatrice
917 2776 1065 2845 ductum
1094 2773 1139 2844 ad
1166 2772 1254 2845 Ger-
1259 2797 1300 2837 a»

163 2875 338 2969 mairiam,
357 2874 394 2945 in
413 2872 667 2970 praepositura
685 2873 865 2968 Lintburg
879 2873 1060 2968 sepultum
1090 2884 1156 2945 est.
1199 2873 1254 2944 De

163 2975 254 3044 duce
281 2983 457 3046 statutum
483 2974 621 3070 fuerat
656 2983 695 3044 ut
722 2972 759 3043 in
787 2974 1039 3046 Constantiam
1067 2973 1253 3046 civitatem

53 3150 55 3154 ,
162 3073 402 3146 Alamanniae
421 3029 631 3166 duceretur}
649 3074 715 3146 sed
735 3073 912 3146 calore
877 3075 990 3145 mmio
1008 3071 1225 3170 obstante
1215 3098 1251 3144 m

41 3201 42 3207 ¹
162 3173 334 3246 Tridento
353 3173 538 3270 sepelitur.
614 3189 615 3196 ’

197 3391 255 3462 38.
297 3390 427 3476 Quod
455 3341 720 3484 imperator
746 3389 851 3460 filio
886 3414 962 3463 suo
989 3392 1090 3486 regi
1117 3389 1219 3464 Bur-

478 3487 691 3584 gundiam
723 3489 934 3561 tradidit.
1024 3545 1027 3549 f

236 3658 385 3731 Eodem·
413 3683 510 3732 anno
545 3659 756 3755 Stephanus
783 3678 847 3731 rex
876 3660 1122 3756 Ungariorum
1149 3660 1251 3755 obiit,

161 3757 371 3852 relinquens
385 3781 540 3854 regnum
555 3760 676 3856 Petro,
694 3759 769 3832 filio
783 3759 923 3833 sororis
935 3783 1033 3832 suae.
1071 3759 1251 3832 Reversus

161 3859 363 3954 imperator
379 3858 416 3930 in
434 3859 663 3951 Baioariam7
683 3869 938 3955 aegrotantem
956 3859 1157 3932 exercitum
1175 3882 1251 3930 me·
1269 3864 1343 3938 Sept.

161 3957 288 4032 diuinis
316 3966 353 4029 et
370 3959 521 4030 consilio
547 3959 752 4052 reficiebat3
779 3971 817 4030 et
844 3962 932 4031 dum
959 3983 1078 4032 omne.
1095 3981 1250 4053 regnum

161 4059 359 4151 serepitate
378 4059 478 4154 pacis
497 4058 698 4132 invenisset
715 4059 954 4154 illustratum,
982 4059 1145 4130 eiusdem
1165 4061 1252 4134 anni

162 4169 335 4231 autumno
347 4157 595 4254 Burgundiam
610 4158 715 4252 adiit3
734 4169 771 4232 et
784 4158 994 4232 convocatis
1004 4158 1144 4232 cunctis
1154 4158 1252 4255 prin-
