3017 4884
278 467 325 538 34
448 457 650 533 WIPONlS
677 457 786 529 VITA
813 453 1086 528 CHUONRADI
1114 395 1203 525 lMl'.

181 685 258 738 tout.
279 659 556 734 indissolubilem
568 657 855 743 familiaritatem
864 681 878 746 ,-
896 675 986 751 quos
1003 677 1047 724 ee
1064 659 1143 723 tam
1155 642 1274 722 multis
1286 673 1374 722 cau·

278 765 327 834 sis
363 779 543 832 connectas
576 757 722 830 dissolui
750 778 861 850 posse
884 755 1090 843 inimicitiis,
1127 774 1231 822 nemo
1256 753 1373 843 suspi-
1496 766 1497 773 ’

279 862 429 933 cabitur.
516 901 521 912 ι
864 923 869 935 ,
916 876 926 902 ’

381 957 611 1031 Concordare
638 956 739 1028 decet
759 959 932 1050 quotquot
953 959 1089 1024 natura
1114 952 1256 1045 liqacit,

482 1059 581 1146 (luae
605 1057 672 1128 sibi
689 1061 884 1148 coqnatam
909 1055 1024 1146 iunqit
1050 1054 1256 1122 amicitiam.

280 1158 420 1247 Quodsi
431 1157 524 1228 ultro
539 1157 663 1228 oblata
681 1155 727 1226 ab
751 1155 831 1226 aliis
853 1152 976 1247 aliqua
990 1175 1030 1222 re
1043 1150 1252 1244 inpediente
1272 1152 1371 1221 reici-

279 1279 369 1350 mus,
394 1257 461 1328 noe
482 1262 535 1327 est
554 1257 585 1330 si
606 1257 753 1326 invicem
776 1251 1040 1344 discordamus,
1057 1257 1190 1322 certam
1207 1249 1375 1344 estquod

277 1354 431 1450 populns
457 1361 542 1426 mna
567 1355 649 1428 velit
672 1373 738 1424 nas
765 1353 927 1424 descrere
952 1375 998 1422 ac
1022 1353 1164 1421 tertiam
1186 1349 1373 1444 quemlibet

279 1457 346 1528 sibi
363 1475 556 1550 quaerece5
586 1460 620 1525 et
643 1475 710 1524 nos
736 1473 809 1523 non
834 1459 973 1523 tantum
992 1472 1131 1521 summo
1149 1450 1284 1520 bonore
1300 1451 1372 1540 pri·
1496 1520 1497 1537 ,

279 1555 464 1647 aabimur,
490 1554 556 1626 sed
578 1553 675 1648 qaod
699 1554 863 1627 omnibus
880 1552 983 1622 bonis
999 1556 1113 1620 niorte
1131 1548 1372 1620 detestabilius

280 1661 342 1748 est,
358 1655 550 1739 infamiam
573 1655 740 1747 iqnaoiae
766 1658 802 1722 et
815 1651 971 1722 invidiae
988 1649 1192 1741 incidemus,
1216 1649 1323 1742 'quasi
1340 1653 1375 1717 et

280 1755 371 1824 tanti
389 1755 569 1848 reqiminis
583 1755 746 1823 uirtutem
759 1772 832 1822 non
840 1753 1021 1844 possimus
1032 1751 1217 1841 sustinere,
1232 1755 1268 1817 et
1281 1747 1374 1825 alter

281 1853 439 1946 alterius,
459 1852 555 1946 quod
571 1854 663 1922 inter
683 1854 969 1943 consanqaineos
989 1855 1161 1941 maqnum
1175 1848 1279 1929 nefas
1296 1869 1373 1916 esse

232 2000 240 2007 -
276 1959 377 2046 puto,
397 1951 521 2024 cedere
538 1952 627 2023 nolit
642 1949 780 2022 leonori.
806 1949 988 2021 Maaimus
1007 1951 1117 2041 iqitur
1132 1947 1259 2038 honor,
1277 1969 1372 2017 sures·
1417 1953 1422 1959 “

280 2075 343 2124 ma
358 2057 519 2146 potqstas
537 2045 635 2122 cirea
653 2073 720 2122 reas
738 2049 858 2121 adbuc
876 2049 1091 2138 versabitur,
1117 2049 1219 2118 etita
1238 2045 1289 2116 ad
1305 2067 1372 2116 nos

278 2153 456 2244 peruenit,
483 2155 521 2220 ut
548 2153 579 2221 si
605 2149 768 2242 velimus,
794 2151 831 2218 in
856 2149 970 2220 altero
994 2153 1157 2219 nostrum
1175 2151 1371 2217 remaneat.

284 2249 461 2338 Quocirca
487 2248 571 2320 milti
595 2249 751 2341 videtur,
780 2250 812 2319 si
836 2251 873 2318 in
897 2268 969 2318 ano
997 2246 1041 2318 de
1063 2247 1166 2317 nobis
1185 2245 1242 2316 liic
1258 2245 1373 2316 bonor

281 2349 509 2422 coadunatus
527 2351 759 2440 remanserit,
785 2354 825 2418 ut
842 2347 934 2419 alter
951 2347 1105 2418 eiusdem
1123 2345 1272 2416 honoris
1286 2367 1373 2436 por·

281 2448 484 2541 tieipatioae
515 2449 662 2519 alterius
688 2447 957 2542 quodammodo
988 2471 1060 2517 non
1095 2451 1229 2516 careat.
1274 2444 1376 2514 Sicut

282 2550 372 2618 enim
397 2549 581 2640 inrepunt
609 2553 795 2640 prorantes,
829 2548 991 2640 quamuis
1023 2547 1140 2617 cuncti
1173 2567 1274 2637 repes
1300 2567 1373 2614 non
1496 2552 1497 2639 J

281 2649 367 2739 siat,
393 2646 537 2718 lionoris
557 2646 736 2740 quaedam
764 2645 938 2718 deriuatio
964 2643 1247 2737 transfunditur,
1271 2645 1376 2714 sicet

282 2745 318 2816 bi
331 2749 389 2841 qui
407 2748 598 2838 conscripti
616 2753 651 2816 et
664 2748 933 2840 praenominati
949 2745 1000 2816 ad
1009 2751 1222 2838 potestatem
1229 2745 1373 2835 fuerint,

282 2845 363 2916 lieet
385 2845 547 2916 adiano
572 2863 644 2916 non
666 2849 891 2939 perveniant,
918 2851 1039 2915 tamen
1065 2844 1200 2915 bonore
1216 2841 1375 2938 quodam
1496 2852 1497 2883 ³

271 2944 363 3016 vinds
382 2952 468 3015 nato
486 2947 625 3037 penitus
649 2966 721 3016 aon
739 2944 923 3037 carebunt,
950 2965 1032 3015 cum
1049 2943 1101 3014 ad
1117 2965 1295 3014 summam
1322 2940 1375 3011 di-
1496 2940 1497 2959 ¹

283 3046 454 3138 quitatem
468 3046 633 3114 immeriti
651 3067 722 3114 non
740 3046 972 3138 eaiqerentur.
991 3043 1185 3114 Praeterea
1203 3045 1234 3114 si
1252 3061 1375 3135 requm
1496 3094 1497 3103 κ

285 3145 430 3237 coqnati
444 3150 592 3236 propter
610 3167 711 3236 reqes
727 3143 963 3237 honorantur,
983 3167 1129 3237 cumque
1147 3165 1270 3214 omnes
1287 3165 1376 3235 erqo

284 3265 351 3315 nos
368 3243 459 3314 tales
477 3265 553 3314 esse
570 3243 675 3314 velint
692 3244 815 3338 quales
840 3246 985 3316 invicem
1003 3251 1245 3315 consentanea
1262 3247 1376 3313 mente
1496 3276 1497 3311 1

283 3345 474 3435 fuerimus,
494 3349 527 3414 et
544 3365 585 3414 eo
604 3343 712 3415 niodo
725 3349 917 3438 provectus
936 3340 1083 3415 alterius
1100 3366 1144 3414 ea
1161 3343 1275 3415 altera
1291 3363 1376 3435 pen-

287 3443 392 3515 deal:
410 3447 470 3538 qui
486 3443 662 3528 feliciores
680 3446 783 3516 nobis
800 3469 876 3516 esse
890 3450 1068 3538 poterunt,
1088 3446 1120 3514 si
1137 3443 1230 3514 alter
1247 3465 1375 3538 requa-

287 3543 352 3636 bit,
386 3543 478 3614 alter
507 3546 672 3638 reqnanti
694 3544 876 3636 publicam
904 3567 979 3614 rem
1004 3568 1069 3636 per
1099 3541 1375 3615 benevolentiam

286 3663 390 3712 suam
409 3645 513 3734 quasi
529 3642 627 3712 solus
643 3644 870 3734 praestabit?
900 3643 1023 3730 Quare
1038 3646 1136 3714 cauti
1152 3645 1276 3735 simus,¹
1292 3642 1376 3713 alic-

286 3763 370 3812 num
395 3741 613 3834 propinquo,
639 3743 810 3812 incertum
830 3747 926 3812 certo
944 3765 1016 3812 non
1031 3746 1287 3835 praeferamus
1293 3770 1308 3833 ,-
1334 3765 1377 3813 ne

286 3839 461 3912 hodierna
480 3840 571 3933 dies,
602 3839 670 3912 bac
696 3863 807 3934 usque
828 3863 897 3934 pro
922 3841 987 3912 tali
1005 3842 1154 3914 arbitrio
1172 3845 1263 3914 satis
1280 3842 1377 3914 laeta

287 3939 512 4045 etincunda,
539 3940 637 4034 lonqi
662 3943 833 4034 temporis
854 3943 1087 4027 infortunium
1113 3943 1216 4015 nobis
1239 3947 1377 4036 pariat,
1432 3960 1443 3971 ·

287 4042 319 4112 si
343 4046 551 4132 conceptam
569 4041 798 4134 tantipopuli
817 4042 1069 4136 beniqnitatem
1090 4043 1185 4115 male
1205 4046 1297 4114 inter
1312 4065 1379 4114 nos

287 4140 533 4211 tractabimus.
589 4140 692 4230 Quod
722 4161 766 4213 ne
791 4145 858 4230 fat
887 4167 931 4226 ee
957 4167 1039 4217 mea
1061 4149 1184 4236 parte,
1220 4144 1378 4214 omnium

288 4245 526 4334 coqnatoram
548 4263 708 4312 meorum
728 4240 968 4336 dilectissime,
998 4241 1084 4339 quid
1100 4242 1146 4315 de
1161 4249 1195 4314 te
1214 4245 1378 4336 sentiam,
