3017 4884
281 441 328 514 26
446 433 647 510 wlroms
674 433 783 507 VITA
810 434 1088 509 covornam
1115 433 1204 508 lllll'.

280 635 497 732 perimatur.
528 634 639 730 ldque
653 635 818 728 credere,
837 634 924 730 quin
940 634 1063 731 potius
1081 633 1191 728 scire,
1210 634 1374 706 niarimo

278 734 357 807 usui
376 735 456 806 fore
474 733 697 830 principibus
716 733 883 829 aiebant,
908 734 970 829 qui
998 757 1111 835 saepe
1128 757 1196 829 per
1213 733 1374 808 insolen-

279 835 372 908 tiam
396 843 671 929 torpescentes,
698 833 886 928 sequentis
912 833 1019 906 vitae·
1038 835 1231 905 commoda
1251 833 1373 906 minus

279 935 480 1008 attendunt.
521 933 772 1020 Quamobrem
795 932 996 1006 victoribus
1022 942 1164 1006 statuas
1187 944 1226 1005 et
1242 958 1379 1048 monog

75 1065 85 1076 ·
154 1083 160 1090 -
278 1044 404 1108 menta
423 1057 533 1128 quam
552 1031 779 1128 amplissima
798 1032 966 1105 lecerunt
984 1033 1150 1129 antiqui,·
1169 1057 1372 1128 eorumque

278 1144 361 1208 acta·
386 1132 536 1205 inscribi
555 1134 690 1204 delrere
715 1142 955 1228 censuerant,
982 1142 1022 1205 ut
1044 1133 1115 1206 illis
1133 1133 1289 1205 mortuis
1308 1135 1382 1222 lio-5

279 1260 347 1307 nor
379 1241 521 1304 extaret
551 1233 596 1304 ad
626 1241 844 1328 perpetuam
883 1233 1102 1305 memoriam
1130 1232 1371 1329 posteritatis,

277 1339 433 1430 quorum
448 1335 590 1405 animas
609 1332 733 1404 vivere
753 1334 951 1406 credebant
969 1333 1250 1429 inperpetuum.
1269 1332 1371 1405 Licet

277 1433 345 1529 ipsi
373 1435 534 1504 humana
560 1441 703 1504 tantum
728 1433 909 1528 sapientia
926 1433 1192 1528 investigarent
1216 1432 1371 1505 immor-

276 1533 457 1606 talitatem
485 1531 650 1628 animae,
689 1557 783 1628 quae
808 1531 880 1605 illis
903 1535 1059 1605 necdum
1085 1556 1108 1603 a
1134 1532 1280 1606 Christo
1307 1541 1369 1604 aut

276 1632 457 1731 promissa
470 1633 536 1704 'vel
553 1641 700 1730 ostensa
720 1633 858 1704 luerat:
885 1632 973 1704 hinc
995 1643 1122 1705 tamen
1148 1631 1313 1727 adducti,
1332 1641 1371 1705 et

276 1732 452 1806 iustitiam
477 1731 547 1828 ipsi
579 1733 770 1828 colebant,
805 1745 842 1806 et
869 1734 964 1806 hanc
996 1733 1200 1806 rectoribus
1226 1731 1370 1828 patriae

276 1831 421 1928 scriptis
448 1833 524 1904 suis
554 1832 749 1926 diligenter
779 1833 1021 1905 inculcabant.
1068 1834 1162 1904 Acta
1191 1855 1281 1903 vero
1315 1833 1367 1904 rei

275 1933 443 2031 publicae
474 1932 572 2024 mori
605 1932 714 2004 simul
745 1957 828 2005 eum
859 1932 937 2005 eius
968 1932 1172 2006 rectoribus
1203 1931 1368 2003 arbitrati

275 2042 373 2128 strnt',
391 2031 461 2104 nisi
481 2033 576 2127 quod
593 2031 725 2102 accidit
743 2041 952 2125 notaretur3
971 2043 1008 2103 et
1026 2043 1178 2128 propter
1189 2030 1368 2107 desidiam

275 2132 406 2206 silendi
423 2128 623 2202 maximam
642 2130 838 2226 pernitiem
855 2131 953 2227 lieri,
972 2131 1004 2204 si
1022 2132 1233 2228 exscriptis
1250 2154 1369 2203 rema·

276 2232 446 2304 nentibus
465 2255 539 2302 ooo
558 2240 720 2327 pateret⁷
748 2231 836 2304 illud
862 2257 975 2304 unum
993 2234 1248 2328 quodcumque
1264 2234 1367 2328 sequi

275 2333 511 2425 delurrctump
539 2330 596 2402 cui
621 2331 726 2402 vivus
745 2332 907 2404 adtribuit
931 2331 1101 2404 studium.
1137 2333 1213 2404 Nos
1231 2341 1367 2423 autem,

275 2432 444 2526 aquibus
462 2454 586 2502 sermo
605 2430 778 2503 Veritatis
796 2431 998 2504 eliminavit
1014 2441 1204 2528 torporem
1222 2431 1368 2503 tacitur-

274 2530 412 2624 nitatis,
442 2527 609 2602 dicens¹:
631 2529 736 2616 (lond
754 2531 834 2601 dico
851 2531 952 2602 vobis
966 2533 1004 2601 in
1022 2532 1191 2624 tenebris,
1211 2532 1315 2604 dicite
1331 2534 1367 2604 in
1489 2592 1490 2607 ,

275 2630 427 2718 lomin03
445 2635 479 2701 et
492 2628 589 2723 qnod
601 2631 638 2699 in
652 2652 740 2701 caure
754 2630 897 2725 centn,
914 2631 1124 2724 praedicate
1137 2655 1244 2724 super
1260 2639 1367 2728 uota,

275 2756 340 2804 cur
353 2729 581 2826 principibus
600 2729 809 2802 christianis
835 2740 872 2803 et
888 2729 1128 2826 euangelicae
1145 2730 1230 2803 fidei
1249 2757 1367 2805 asser·
1489 2770 1490 2805 3

274 2830 413 2903 toribus
439 2830 664 2904 sustinemus
690 2831 838 2926 negari,
863 2833 960 2927 qood
987 2831 1063 2903 sois
1087 2831 1182 2902 ultro
1207 2831 1368 2906 offerunt

273 2929 432 3028 pagani?
468 2929 508 3002 Si
530 2931 631 3000 enim
656 2931 771 3002 nostri
796 2931 967 3003 catholici
991 2955 1120 3027 reges,
1147 2955 1258 3004 verae
1283 2931 1367 3004 fidei

274 3031 510 3124 defensores,
546 3029 668 3122 legem
704 3055 747 3102 ac
777 3054 908 3125 pacem
938 3031 1089 3126 Christi,
1123 3055 1235 3126 quarn
1262 3032 1366 3106 nobis

273 3153 341 3226 per
366 3128 599 3224 euangelium
624 3153 731 3202 suum
755 3130 921 3226 tradidit,
950 3131 1030 3204 sine
1048 3130 1211 3228 periculo
1230 3132 1365 3204 erroris

273 3233 500 3325 gubernant⁷
528 3228 588 3324 qui
615 3252 743 3300 eorum
768 3231 960 3303 benefacta
978 3231 1124 3328 scriptis
1147 3231 1223 3303 suis
1249 3233 1365 3304 nrani-

272 3330 470 3423 restabunt,
494 3329 581 3424 quid
601 3327 696 3400 aliud
722 3353 831 3424 quam
850 3331 1083 3426 euangelium
1102 3331 1237 3404 Christi
1260 3355 1366 3429 prae·
1487 3372 1488 3419 3

272 3428 470 3506 dicabunt?
489 3429 665 3516 Quamvis
680 3431 825 3503 animus
839 3431 1033 3504 scribentis
1048 3430 1195 3504 vacillet
1213 3432 1365 3528 aggredi

272 3532 407 3604 arduas
424 3553 505 3624 ros7
525 3539 670 3602 maturo
690 3529 864 3627 consilio,
891 3531 1024 3603 morali
1041 3533 1244 3627 grauitate,
1268 3555 1365 3603 sum·
1487 3538 1488 3577 r

271 3651 406 3723 meque
425 3629 630 3700 constantia
651 3640 834 3725 peractas,
854 3631 939 3702 etsi
957 3630 1082 3728 inepto
1100 3632 1187 3704 luxu
1206 3631 1367 3704 rellicta

272 3726 424 3800 audacia
451 3737 515 3798 aut
540 3727 740 3822 cupiditate
755 3727 938 3824 flagitiosa
958 3729 1050 3803 fiant
1066 3755 1147 3827 res,
1173 3733 1210 3806 in
1237 3731 1367 3827 quilius

272 3827 412 3902 cunctis
427 3827 646 3924 scriptorem
666 3837 813 3924 oportet
830 3831 988 3902 versari:
1007 3841 1044 3903 et
1061 3832 1098 3903 in
1112 3833 1205 3905 actis
1223 3856 1366 3928 eorum,

272 3953 363 4026 quos
383 3938 507 4022 notat„
531 3929 714 4024 vulganda
741 3941 827 4001 suot
853 3939 929 4002 tam
954 3939 1059 4026 gesta
1086 3957 1197 4028 quam
1215 3933 1367 4024 omissa,

271 4039 381 4124 prout
415 4029 574 4102 facultas
598 4029 736 4124 ingenii
762 4030 923 4126 dederit7
958 4055 1004 4104 ex
1040 4057 1111 4129 qua
1140 4057 1181 4106 re
1207 4034 1293 4106 lioni
1320 4037 1388 4104 ad*

270 4128 444 4202 virtutem
462 4129 680 4224 incitantur,
710 4130 798 4202 mali
826 4140 951 4204 autem
975 4134 1131 4208 honesta
1158 4133 1368 4207 invectione

271 4250 297 4320 t)
317 4249 409 4313 Mateta.
432 4255 474 4316 to,
492 4256 537 4312 27.
