3017 4884
4 445 11 458 „
84 561 88 570 k
178 465 180 470 '
247 459 295 532 66
408 455 611 550 wlrortrs
638 452 752 527 VITA‘
774 453 1051 573 crlttortuaul
1078 453 1171 526 llll'.

149 668 228 723 1036.
248 657 379 752 scopus
396 653 571 726 Asteusis-
590 652 740 749 indigua
758 651 939 728 stationc¹
953 653 1095 749 periit,
1126 651 1263 724 caeteri
1287 652 1340 722 fu·

247 764 400 851 gerunt,
436 764 474 825 et
507 752 661 826 nimium
696 754 838 826 confusi
873 755 1071 825 adventum
1105 751 1340 848 imperatoris
1402 793 1405 797 ν
1436 800 1440 804 »

242 878 360 950 aegre
378 857 632 950 expectabant.
758 896 762 908 ι

248 1015 306 1086 35.
340 1011 469 1098 Quod
496 1035 575 1084 rex
601 1008 854 1082 Heiur'icus
880 987 1041 1082 liliam
1066 1008 1339 1111 Chnutouis

422 1111 554 1205 regis
588 1109 633 1180 in
668 1107 935 1204 coniugium
964 1107 1162 1182 duxerit.

320 1247 427 1317 Anno
445 1245 593 1316 Domini
621 1242 1155 1339 1036Heinricus1·ex,-filius
1179 1243 1339 1338 impera-

245 1342 348 1439 toris⁷
363 1345 565 1418 Clrnutouis
579 1344 678 1439 regis
692 1344 896 1439 Auglorum
910 1343 1025 1414 filiam
1037 1343 1187 1414 nomine
1196 1343 1341 1414 Cbuneae
1394 1414 1398 1421 Α

245 1443 402 1539 hildem,
432 1469 497 1542 pro
517 1444 644 1539 regina
664 1453 920 1516 consecr-atam
938 1442 1124 1537 regalibus
1141 1442 1276 1538 nuptiis
1301 1443 1339 1513 in

247 1542 456 1638 coniugium
483 1545 592 1616 duxit.
627 1543 768 1614 Eodem
794 1568 910 1636 auno,
942 1552 981 1613 ut
1005 1541 1141 1613 dictum
1167 1552 1243 1637 est,
1271 1541 1337 1612 im·

245 1653 395 1738 perator
414 1637 654 1715 Chuonradus
678 1667 761 1714 cum
788 1643 862 1714 filio
880 1642 1052 1713 Heinrico
1080 1665 1170 1736 rege
1195 1641 1338 1712 ltaliam
1374 1658 1380 1662 ·

246 1743 395 1813 intravit
413 1765 495 1814 cum
523 1742 703 1836 exercitu,
730 1753 767 1814 et
794 1741 992 1814 celebravit
1009 1741 1170 1813 natalem
1189 1739 1338 1812 Domini

148 1859 226 1914 1037.
245 1842 413 1913 Veronae
442 1867 538 1913 anno
566 1841 772 1915 dominicae
799 1840 1062 1913 incarnationis
1095 1843 1202 1914 1037.
1249 1841 1338 1912 lude

246 1943 291 2012 ad
309 1941 556 2013 Mediolanum
578 1941 749 2036 veniens,
776 1945 821 2013 al)
840 1940 1032 2012 Heriberto
1058 1939 1336 2036 archiepiscopo

236 2040 443 2135 ¹magnifice
467 2051 638 2136 receptus
666 2051 722 2112 est
752 2039 790 2111 in
817 2039 974 2113 ecclesia
1000 2039 1117 2111 sancti
1142 2038 1337 2112 Ambrosii.

245 2139 287 2210 lu
304 2140 385 2235 ipsa
402 2140 480 2236 dio,
506 2139 690 2212 nescimus
708 2140 809 2212 cuius
827 2139 998 2236 consilio,
1025 2162 1122 2234 pene
1140 2139 1264 2234 gravis
1281 2149 1337 2209 tu-

244 2239 380 2311 multus
407 2240 523 2312 factus
552 2249 612 2313 cst
640 2238 1095 2336 populi'llediolancnuis7
1127 2237 1337 2335 quaerentis

245 2341 290 2410 ab
316 2337 560 2435 imperatore,
586 2339 616 2410 si
640 2340 751 2410 vellet
782 2339 908 2412 favere
932 2337 1175 2410 coniurationi
1195 2361 1336 2409 eorum.

244 2438 348 2509 Unde
376 2449 583 2510 commotus
609 2438 812 2535 imperator
836 2437 1046 2536 praecepit,
1081 2448 1121 2508 ut
1143 2460 1274 2508 omues
1299 2437 1337 2508 in

245 2539 375 2608 urbem
401 2538 617 2634 Papiousem
644 2540 689 2609 ad
717 2539 892 2632 generale
915 2535 1137 2631 colloquium
1164 2536 1337 2608 conveni·

244 2646 337 2708 rent.
374 2636 479 2723 Quod
498 2639 583 2709 dum
604 2637 739 2708 lactum
758 2647 876 2732 esset7
896 2634 1036 2708 cunctis
1052 2635 1337 2708 reclamantibus

245 2737 366 2831 legem
393 2737 478 2808 fecit
504 2737 716 2832 imperator.
749 2737 792 2809 ln
810 2737 890 2832 ipso
909 2737 1044 2832 placito
1063 2736 1211 2830 quidam
1229 2737 1337 2830 Hugo

95 2911 107 2928 ,
245 2859 370 2908 comes
399 2847 444 2907 ets
463 2837 522 2908 alii
550 2859 659 2931 quam
688 2837 812 2931 plures
833 2836 949 2908 ltalici
967 2837 1203 2933 appellabant
1220 2835 1338 2906 archi·

151 2937 157 2948 ’
244 2935 460 3031 episcopum
477 2937 789 3008 Mediolanensem
807 2961 874 3033 pro
893 2935 1017 3008 multis
1035 2936 1175 3031 causis,
1207 2935 1337 3031 quibus

149 3096 157 3107 .
244 3027 308 3106 c‘os
327 3033 543 3106 offenderat.
578 3035 785 3130 Imperator
804 3059 890 3107 vero
909 3045 1040 3108 vocato
1058 3035 1337 3130 archiepiscopo

244 3133 450 3231 praecepit⁷
469 3145 509 3205 ut
526 3132 757 3206 satisfaceret
776 3136 954 3207 omnibus.
990 3135 1094 3220 Quod
1112 3137 1199 3207 dum
1218 3134 1336 3208 archi·

244 3233 443 3331 episcopus·
465 3245 658 3330 renueret,
683 3235 800 3307 sensit
823 3235 1037 3331 imperator,
1057 3259 1208 3306 omnem
1233 3235 1342 3305 illam-

246 3333 535 3407 coniurationcm
554 3333 679 3407 ltaliae
697 3333 813 3430 ipsius
831 3335 985 3406 consilio
1003 3335 1138 3406 fact-am
1157 3357 1250 3406 osse.
1291 3333 1336 3404 Et

245 3457 330 3504 mox
347 3436 617 3530 comprehenso
636 3434 711 3531 illo,
730 3434 880 3507 retinuit
897 3434 934 3505 iu
952 3458 1019 3506 sua
1036 3443 1230 3530 potestate.
1266 3432 1336 3504 lle-

243 3532 327 3604 iude
354 3533 625 3606 commendavit
654 3548 739 3607 euru
764 3536 802 3606 in
830 3534 1034 3606 custodiam
1059 3532 1199 3630 Poponi
1225 3532 1337 3628 patri·

244 3635 379 3704 archae
392 3634 654 3728 Aquilegieusi,
674 3645 711 3706 et
726 3634 918 3705 Chuononi
937 3634 1018 3704 duci
1032 3634 1336 3705 carentanorum.

245 3730 314 3817 Qui
342 3734 386 3802 ab
411 3733 463 3803 eis
490 3735 618 3805 ductus
637 3743 694 3804 est
711 3757 795 3805 cum
813 3734 1038 3831 imperatore
1056 3755 1169 3829 usque
1188 3733 1337 3804 Placen·

244 3830 360 3902 tinam
387 3832 583 3907 civitatem.
620 3832 787 3918 Quadam
814 3843 922 3906 nocte
945 3832 1095 3928 quidam
1119 3835 1164 3904 de
1183 3831 1338 3905 familia·

244 3930 342 4002 ribus
369 3931 635 4028 archiepiscopi
663 3931 857 4005 collocavit
882 3957 922 4006 se
940 3933 1021 4004 vice
1043 3931 1158 4028 ipsius
1175 3932 1213 4004 in
1239 3933 1336 4004 lecto

244 4054 315 4125 quo
339 4030 419 4126 ipse
447 4031 568 4104 iacere
592 4033 753 4129 solebat,
789 4044 825 4105 et
859 4035 1079 4129 superducto
1104 4031 1336 4127 coopertorio

243 4129 368 4224 latuit,
401 4140 440 4202 ut
469 4131 520 4204 ita
546 4133 690 4206 falleret
715 4135 898 4208 custodes.
941 4131 1249 4228 Archiepiscopus
1276 4133 1337 4205 ad·

246 4261 269 4334 l)
290 4263 306 4321 i.
328 4280 351 4316 e.
372 4264 399 4318 in
419 4265 529 4334 proelio.
