3017 4884
310 383 510 458 WlPfflilS
538 382 646 456 vim
663 383 946 458 ottuounnot
972 385 1063 458 tttt’.
1186 387 1236 461 ῧῠ

143 610 251 682 quem
276 585 446 659 ducatum
466 593 583 680 pater
579 583 751 661 eiusdem
771 580 985 658 Cbuononis
1009 583 1144 654 drrdum
1170 582 1233 654 hu
1255 598 1334 712 tour.

144 686 265 759 buiese
285 685 507 795 perhibetur.
544 684 600 755 lta
621 669 694 756 duri
710 682 867 754 Chuono
891 680 986 752 lidus
1003 691 1043 752 et·
1056 683 1156 754 beno
1170 680 1256 754 mi·

142 785 250 856 ΙΓΓΓΓΓ
269 783 482 882 imperatori
501 791 541 853 ΓΓ
550 781 631 854 filio
648 805 716 852 suo
734 780 906 852 Heinrioo
924 779 1027 875 regi,
1047 788 1270 935 quousque

142 885 284 956 vixerat
292 881 535 977 permansit.

29 1048 31 1050 ¹
142 1057 201 1130 22
254 1053 316 1124 De
340 1051 585 1148 legatione
614 1049 826 1148 episcopi
850 1033 1231 1144 ¹Argentiuensis.

216 1188 355 1259 Eodem
389 1196 558 1283 tempore
590 1185 862 1280 ΓΓῙΓΓΓΓΓΓΓΓΓΓΓΓ,
892 1183 1118 1279 Argentinae
1149 1186 1234 1257 civi·

141 1288 226 1358 tatis
252 1286 465 1399 episcopm,
492 1290 538 1358 ab
562 1285 789 1381 imperatore
815 1285 960 1396 legatus
977 1285 1234 1361 Constantino-

140 1380 253 1482 polim
280 1384 446 1458 ΓΓΓΓΓΓΓΓΓΓ
487 1384 682 1471 Quidum
694 1407 813 1456 eausa
830 1383 1006 1455 orationis
1033 1384 1232 1473 Hierosoii2

141 1506 240 1558 mam
260 1507 416 1582 pergere
434 1508 475 1556 se
492 1485 662 1580 fingeret
682 1494 721 1556 ut
738 1494 910 1580 putamus
926 1481 1056 1554 iudicio
1070 1466 1231 1582 Domini,

140 1607 249 1680 quem
270 1586 399 1657 tallere
416 1607 525 1656 nemo
544 1584 691 1680 valebit,
711 1583 925 1656 mirabiliter
942 1581 1146 1696 prohibitus
1163 1593 1231 1661 est.

140 1685 233 1758 Nam
253 1687 339 1757 dum
369 1707 544 1779 magnum
566 1640 780 1756 comit⁷atum
809 1683 1018 1777 homiuum⁷
1050 1682 1231 1754 maiorem

140 1807 285 1880 quoqne
297 1795 482 1854 mutorum
498 1783 723 1879 animalium,
741 1802 934 1878 equorum,
953 1738 1075 1877 horim,
1095 1785 1231 1878 oviump

140 1907 359 1978 porcorum,
356 1884 576 1979 multasque
595 1883 743 1954 delicias
763 1883 948 1953 seculares
966 1881 1061 1952 ultra
1080 1884 1230 1955 modum

66 2043 74 2050 .
139 2006 265 2054 secum
286 1983 469 2078 educeret³
489 1980 718 2094 perveniens
722 1981 760 2052 in
773 1981 987 2076 Unguium,
1007 2005 1027 2050 Γ
1046 2002 1135 2075 rege
1150 1980 1230 2053 Ste-

139 2083 263 2176 phano
283 2083 508 2154 contradicta
527 2091 583 2153 est
601 2081 667 2154 sibi
686 2081 757 2177 via,
776 2083 872 2179 quod
890 2103 941 2151 eo
953 2089 1122 2174 tempore
1141 2081 1230 2152 nulli

139 2191 326 2254 oratorum
347 2180 487 2254 accidit.
523 2181 610 2254 Inde
628 2203 800 2258 reversos
818 2204 884 2276 per
901 2178 1123 2275 Romanam,
1145 2203 1229 2263 oum
1261 2188 1265 2197 '

139 2279 239 2352 omni
264 2280 439 2352 comitatu
464 2303 529 2352 suo
548 2301 708 2376 pergens
727 2280 869 2352 ltaliam
888 2279 961 2349 intr
964 2278 1056 2372 avit
1084 2235 1123 2350 ΓΓ
1138 2280 1231 2350 mul

136 2390 216 2452 tum
235 2378 331 2451 oiroa
358 2378 451 2451 fines
469 2381 635 2451 Veronae
661 2389 847 2474 ΓΓΓΓΓΓΓΓΓ,
872 2381 1021 2450 tandem
1049 2401 1132 2449 cum
1152 2403 1229 2451 ma
1305 2394 1308 2403 '

130 2479 237 2551 ximo
251 2479 377 2552 labore
393 2502 458 2575 per
470 2479 661 2552 Venetiam
675 2505 779 2552 mare
787 2478 1034 2552 Adriaticum
1025 2499 1227 2592 ingressus⁷

137 2579 284 2674 navigio
302 2579 516 2652 calamitoso
536 2570 893 2674 Constantinopolim
912 2579 1089 2674 pervenit.
1121 2578 1229 2651 Cum·

137 2701 208 2775 que
233 2683 278 2750 ab
305 2681 528 2775 imperatore
552 2680 780 2751 Graecorum
807 2678 1010 2749 honorifice
1035 2686 1229 2772 suseeptus

137 2788 235 2850 esset
246 2801 473 2874 ⁷secumque
492 2783 581 2850 satis
599 2778 830 2850 familiariter
847 2784 1149 2872 conversaretur,
1168 2779 1229 2848 de·

136 2835 299 2950 sidereire
326 2878 446 2973 coepit
471 2887 507 2948 ut
529 2877 762 2988 imperatoris
790 2875 925 2948 auxilio
943 2832 1227 2948 Hierusoliriram

137 2978 271 3048 adiret.
265 3002 363 3071 quo
382 2976 580 3090 desiderio,
600 3000 748 3074 semper
767 2976 886 3073 aliqua
906 3000 945 3046 re
959 2973 1227 3070 intercedente,

136 3100 336 3176 numquam
355 3077 463 3173 potiri
483 3077 604 3149 valuit.
637 3076 813 3172 Sequenti
830 3099 919 3147 vero
939 3085 1107 3170 tempore
1125 3075 1226 3171 obiit,

137 3189 174 3250 et
200 3177 363 3271 sepultus
388 3186 445 3250 est
471 3177 507 3247 iu
533 3179 662 3249 eadem
681 3180 790 3269 nrbe3
817 3185 854 3246 et
871 3173 1154 3283 episcopatum
1148 3174 1225 3246 eius

141 3275 386 3350 Willihelmus
415 3276 691 3372 Argentinensis
719 3274 917 3345 eanonicus
944 3271 1116 3367 suscepit.
1160 3272 1226 3344 Le-

135 3374 294 3488 gationis
312 3387 438 3448 tamen
465 3397 614 3446 causam
633 3384 762 3468 postea
780 3372 982 3466 imperator
1000 3370 1225 3444 Graecorum

136 3475 256 3546 aureis
274 3474 404 3546 litteris
421 3472 635 3568 imperatori
653 3473 873 3546 Chaonrado
891 3469 1088 3565 rescripsit.

136 3635 201 3707 23.
248 3632 375 3720 Quod
413 3631 680 3730 imperwator
706 3627 857 3703 filium
885 3653 1010 3701 suum
1039 3627 1225 3731 Heinri-

313 3756 410 3806 oum
438 3757 591 3828 regem
619 3729 895 3805 consecrari
922 3727 1049 3803 fecit.
1146 3735 1150 3740 ’

209 3869 316 3938 Anno
350 3868 499 3942 Domini
541 3870 637 3942 1028
680 3867 878 3940 indictione
924 3869 979 3938 11
1010 3838 1226 3975 imperator.
1246 3882 1325 3936 mae.

135 3969 376 4040 chuonradus
394 3967 508 4040 filium
526 3991 633 4040 suum
646 3966 873 4061 Heinrioum,
892 3962 1018 4058 magui
1036 3961 1213 4056 ingenii
1189 3971 1228 4034 et

136 4071 255 4141 bonae
274 4067 407 4140 indolis
424 4091 579 4164 puerum
597 4076 720 4140 aetate
735 4065 904 4142 [undecim
918 4086 1112 4156 annotino,
1130 4060 1228 4164 prin

136 4167 277 4264 cipibus
294 4169 399 4264 regni
418 4193 503 4244 oum
521 4175 600 4242 tota
616 4165 846 4240 multitudine
866 4163 992 4263 popuii
1014 4162 1054 4237 it
1072 4148 1228 4260 probati
