3017 4884
283 415 331 486 44
408 429 410 432 ·
450 409 651 484 WlPONlS
677 409 787 495 VlTA
814 409 1087 483 cuuourutffl
1114 409 1203 482 tur.

218 614 258 696 ,ἵ
281 609 457 706 pervenit.
502 608 582 695 Quo
609 608 765 682 transitu
789 633 902 704 regna
922 608 1023 705 pacis
1041 610 1190 682 foedere
1217 616 1255 678 et
1271 607 1375 702 rogia

281 709 433 784 mitione
452 707 664 780 firmissime
682 708 864 801 cingebat.

342 883 374 952 7.
411 878 630 965 Qualiter
655 903 735 950 rex
763 904 861 952 cum
889 877 1024 951 ltalis
1051 873 1308 975 placitavit.

182 1052 263 1105 1025
355 1017 463 1088 Anno
482 1013 601 1112 primo
619 1016 725 1110 regni
743 1039 799 1086 sur
790 1015 1060 1087 chuonradus
1078 1036 1144 1084 rex
1173 1011 1271 1084 diem
1290 1035 1374 1083 sau·

182 1123 239 1178 lun
247 1125 272 1176 6
283 1127 382 1188 otum
410 1124 643 1211 pentecostes
674 1115 711 1185 in
743 1113 959 1186 Constantia
991 1113 1136 1184 civitate
1167 1111 1374 1184 celebravit

186 1255 193 1264 ·
282 1216 335 1290 lbi
371 1213 669 1326 archiepiscopus
704 1213 989 1286 Mediolanensis
1031 1211 1246 1285 Heribertus
1290 1234 1374 1282 cum

282 1314 438 1388 caeteris
483 1313 719 1409 optimatibus
763 1313 898 1385 Italicis
932 1311 1013 1407 regi
1057 1313 1295 1405 occurrebat,
1338 1319 1376 1380 et

282 1413 437 1486 effectus
456 1423 512 1486 est
530 1436 635 1508 suus7
663 1412 847 1508 fidemque
874 1413 943 1485 sibi
969 1411 1055 1484 fecit
1073 1434 1139 1506 per
1163 1433 1374 1482 sacramen·

281 1523 403 1588 torum
430 1522 468 1584 et
502 1512 668 1584 obsidum
694 1513 849 1608 pignus,
880 1523 922 1583 ut
943 1513 1089 1606 quando
1117 1510 1260 1582 veniret
1289 1533 1374 1582 curu

267 1613 444 1684 ‘exercitu
462 1614 506 1684 ad
525 1612 776 1684 subiciendam
799 1611 961 1707 ltaliam,
992 1611 1072 1706 ipse
1089 1634 1175 1682 eum
1192 1608 1376 1704 reciperet
1472 1629 1479 1635 ·

282 1722 319 1786 et
344 1736 427 1787 oum
453 1711 624 1784 omnibus
651 1711 725 1783 suis
744 1713 789 1782 ad
813 1712 1003 1783 dominum
1021 1720 1060 1782 et
1076 1733 1206 1805 regem
1233 1707 1376 1805 publice

281 1813 461 1907 laudaret,
484 1809 682 1905 statimque
702 1821 909 1884 coronaret.
939 1809 1118 1884 Similiter
1135 1809 1264 1904 reliqui
1282 1809 1376 1880 Lan-

282 1910 435 2008 gabardi
461 1911 625 1982 fecerant
642 1921 791 2005 praeter
808 1911 1039 2004 Ticiuenses,
1066 1909 1126 2007 qui
1151 1919 1189 1980 et
1213 1908 1285 1980 alio
1311 1933 1375 1980 no·

281 2011 381 2084 mine
396 2011 592 2105 Papienses
608 2023 799 2106 vocantur,
818 2035 973 2106 quorum
992 2009 1104 2105 legati
1123 2009 1276 2082 aderant
1290 2033 1373 2082 curn

281 2110 494 2184 muneribus
512 2119 549 2180 et
568 2108 714 2202 amicis,
746 2111 941 2182 molientes
967 2120 1009 2181 ut
1025 2133 1154 2204 regern
1173 2132 1240 2203 pro
1259 2108 1376 2180 offen·

282 2212 385 2284 sione
404 2210 536 2282 civium
557 2210 761 2304 placarent,
780 2233 1004 2306 quamquam
1021 2209 1056 2280 id
1076 2207 1227 2304 adipisci
1246 2231 1268 2278 a
1286 2230 1374 2304 rege

282 2312 381 2385 iuxta
398 2319 524 2382 votum
549 2332 655 2380 suum
680 2309 780 2380 nullo
807 2311 918 2381 modo
936 2311 1113 2382 valerent.
1157 2309 1199 2380 lu
1224 2333 1295 2403 qua
1313 2334 1375 2380 au·

282 2421 359 2484 tem
377 2434 418 2482 re
437 2407 678 2505 offenderint,
708 2409 870 2482 breviter
887 2411 1087 2482 absolvam.
1123 2407 1212 2480 Erat
1235 2407 1271 2478 in
1291 2407 1375 2480 civi-

280 2520 357 2582 tate
384 2507 552 2604 Papiensi
579 2508 757 2604 palatium
781 2509 1050 2581 aTbeodorico
1076 2531 1165 2603 rege
1188 2510 1374 2602 quondam

281 2611 376 2682 miro
395 2631 507 2704 opere
523 2607 709 2680 conditum
729 2632 773 2679 ao
787 2619 916 2704 postea
935 2614 981 2681 ab
998 2609 1222 2704 imperatore
1236 2607 1375 2680 Ottone
1497 2616 1498 2685 Ξ

281 2709 389 2782 tertio
416 2707 525 2780 nimis
546 2709 774 2804 adornatum.
818 2708 976 2804 Cognito
1002 2719 1125 2782 autem
1143 2706 1243 2780 obitu
1260 2707 1376 2804 impe·

282 2820 339 2881 rat
324 2807 415 2881 toris
442 2807 620 2903 Heinrici
659 2809 905 2881 antecessoris
937 2808 1147 2881 Chuonradi
1181 2806 1299 2902 regis,
1335 2818 1376 2880 ut

281 2933 363 2982 mos
392 2918 447 2980 est
433 2907 665 2979 thominum
693 2932 841 3020 semper
866 2909 902 2979 in
930 2910 1034 2980 novis
1061 2911 1170 2980 rebus
1194 2907 1375 3002 intempe-

282 3019 408 3080 ranter
434 3030 475 3077 se
501 3007 660 3102 habere
699 3009 824 3078 statim
858 3008 1056 3114 Papienses
1090 3008 1297 3080 inconsulto
1328 3009 1373 3078 ad

283 3107 468 3180 imbellem
495 3106 616 3177 aulam
639 3117 802 3202 ruentes,
1069 3123 1074 3137 '

405 3205 560 3279 lusibus
584 3205 729 3278 inlicitis
758 3210 948 3302 fregerunt
972 3206 1118 3278 moenia
1136 3206 1249 3302 regia,

281 3317 473 3402 totumque
495 3306 673 3402 palatium
693 3329 808 3419 usque
833 3307 1013 3379 adimam
1031 3306 1259 3378 lirndamenti
1286 3305 1373 3402 lapi·

281 3410 364 3480 dem
385 3408 579 3503 eruebant
605 3407 862 3503 nequisquam
882 3430 1013 3502 regum
1033 3405 1185 3478 ulterius
1213 3404 1356 3477 infra
1325 3429 1373 3477 cr·

279 3507 451 3579 vitatem
459 3506 560 3578 illam
578 3509 757 3602 palatium
783 3531 924 3603 ponere
950 3507 1182 3578 decrevisset.
1228 3506 1281 3576 Ex
1303 3529 1374 3602 qua

281 3606 433 3678 audacia
461 3607 521 3677 (liu
540 3629 675 3700 magna
703 3607 955 3678 controversia
980 3607 1074 3677 inter
1100 3629 1230 3700 regem
1255 3616 1293 3676 et
1309 3606 1373 3676 Pa·

279 3704 428 3801 pienses
448 3705 570 3774 habita
589 3714 656 3778 est.
691 3705 870 3777 Dicebant
894 3705 1108 3800 Papienses:
1137 3707 1245 3792 Quem
1264 3707 1376 3792 offerr-

281 3805 423 3877 dimus?
453 3803 670 3896 Imperatori
686 3811 812 3876 nostro
829 3805 934 3892 (idem
954 3811 989 3875 et
1002 3804 1171 3876 honorem
1196 3829 1307 3899 usquc
1326 3804 1378 3876 ad

279 3907 469 3977 terminum
495 3906 588 3974 uitae
613 3929 700 3976 suae
726 3907 970 3995 seruauimur;
1005 3929 1075 4000 quo
1103 3905 1270 3985 defuncto
1296 3929 1378 3976 cum

279 4004 414 4076 nullum
440 4027 559 4098 repam
576 4003 805 4097 haberemus,
833 4007 928 4099 repis
944 4007 1060 4077 nostri
1076 4006 1220 4076 douram
1240 4005 1377 4076 desbu-

280 4106 373 4176 uisse
399 4127 470 4175 nou
493 4106 571 4176 iure
598 4104 862 4178 accusabimur.
905 4106 934 4176 E
956 4103 1142 4178 contrario
1167 4128 1251 4176 rex:
1279 4105 1377 4199 Scio,

281 4202 412 4300 inquit⁷
432 4203 529 4298 quod
546 4202 690 4276 domum
710 4207 805 4299 repis
822 4208 929 4278 uestri
945 4229 1017 4278 uon
1034 4205 1276 4298 destruxistis,
1295 4228 1377 4278 cum
