3017 4884
285 415 339 486 28·
452 409 664 487 wll’ottts‘
680 411 790 484 Vtra
814 411 1089 487 CllUOllRAlll
1114 413 1207 486 ΙΜΡ.

462 615 510 708 l.
546 611 606 683 lle
640 621 874 684 conventu
913 611 1187 708 principum.

204 750 301 816 1024(
387 731 494 800 Anno
531 731 577 800 ab
601 727 854 801 incarnatione
880 727 1027 800 Domini
1058 729 1385 825 10245n1perat01·

185 829 478 901 ¹¹1¹.¹3·Heinricus
502 830 704 924 secundus,
732 831 827 900 bene
853 827 1068 924 compositis
1093 827 1237 924 imperii
1257 833 1380 922 rebus,

180 965 183 970 ·
284 952 368 1001 cum
386 929 460 1000 iam
479 937 564 1023 post
582 928 733 1023 longum
752 929 918 1000 laborem
936 936 1122 999 maturum
1140 927 1298 999 fructum
1315 953 1381 1025 pa-

285 1029 337 1101 cis
353 1035 497 1102 metere
516 1027 720 1124 coepisset,
748 1027 906 1124 imperio
924 1026 1111 1123 incolomi,
1130 1037 1257 1098 mente
1274 1051 1380 1125 sana,

284 1127 451 1224 corporis
470 1136 660 1222 correptus
680 1137 736 1199 est
754 1125 989 1222 infirmitate,
1020 1151 1093 1224 qua
1115 1126 1379 1223 invalescente,

274 1232 318 1302 a.
344 1229 428 1299 ldus
455 1225 534 1298 lulii
552 1228 653 1299 'hanc
679 1226 794 1298 vitam
826 1227 994 1299 excessit.
1037 1225 1147 1298 Cuius
1175 1249 1310 1324 corpus
1333 1231 1381 1300 de

285 1327 446 1400 Saxonia
465 1328 511 1398 ad
529 1326 780 1421 sepeliendum
799 1327 942 1399 ducitur
965 1328 1011 1398 ad
1029 1326 1152 1398 locum
1170 1326 1231 1422 qui
1249 1327 1380 1400 dicitur

256 1487 261 1494 .
284 1429 513 1522 Pabenberc,
532 1430 592 1499 ubi
610 1427 690 1522 ipse
709 1429 806 1498 bono
826 1428 905 1498 zelo
924 1447 968 1497 ac
985 1425 1105 1498 studio
1122 1426 1289 1498 fundavit
1307 1427 1381 1523 epi-

284 1537 476 1624 scopatum
495 1527 595 1598 omni
614 1525 865 1599 ecclesiastico
884 1535 1062 1623 apparatu
1080 1524 1276 1621 insignem.
1322 1519 1378 1600 Ad

286 1627 388 1700 cuius
406 1626 673 1700 dedicationem
688 1627 862 1698 domnum
882 1627 1125 1722 apostolicum
1145 1625 1296 1698 nomine
1312 1626 1379 1698 lle-

285 1727 469 1800 nedictum
497 1724 774 1821 ascivit,·cuius
801 1726 1017 1798 auctoritate
1043 1729 1088 1798 ad
1115 1729 1307 1799 tutandum
1326 1728 1380 1798 lo·

283 1853 367 1900 cum
386 1825 578 1924 privilegia
598 1826 741 1922 publica
760 1826 995 1922 stipulatione
1014 1825 1257 1899 confirmavit.
1292 1827 1380 1899 Post

283 1927 518 2024 imperatoris
544 1928 684 1998 obitum
708 1949 769 1997 res
793 1925 960 2023 publica,
989 1927 1127 1999 amisso
1152 1937 1259 2023 patre
1284 1936 1380 2000 tam·

199 2025 203 2036 ’
283 2051 393 2124 quam
421 2028 607 2121 desolata,
635 2026 671 2096 in
697 2025 991 2098 brevi'vacillare
1010 2025 1140 2122 coepit.
1176 2027 1281 2100 Unde
1305 2027 1378 2099 cui·
1495 2074 1496 2115 ,

184 2199 188 2206 ,
282 2149 353 2223 que
372 2126 511 2222 optimo
538 2136 659 2199 metus
682 2136 719 2197 et
737 2125 965 2221 sollicitudo,
993 2126 1164 2222 pessimis
1189 2137 1314 2198 autem
1340 2126 1377 2198 in
1495 2120 1496 2125 ’

282 2236 369 2298 roto
388 2226 583 2323 imperium
603 2225 805 2322 periclitari
822 2235 912 2298 erat.
955 2227 1089 2298 Verum
1108 2226 1230 2299 divirm
1256 2224 1377 2322 provi·

283 2326 405 2399 dentia
430 2328 613 2398 anchoras
638 2325 817 2399 ecclesiae
844 2325 1029 2399 commisit
1054 2325 1142 2398 viris
1160 2325 1377 2422 pontificali·

282 2430 350 2498 bus
377 2426 490 2498 ethis
516 2425 841 2522 gubernatoribus,
867 2428 995 2521 quales
1020 2427 1289 2500 adducendam
1311 2451 1377 2523 pa·
1494 2510 1495 2519 ἵ

282 2528 393 2599 triam
411 2525 491 2598 sine
508 2527 648 2598 iactura
669 2525 707 2597 in
735 2536 884 2620 portum
902 2525 1034 2622 quietis
1062 2549 1107 2598 eo
1128 2536 1298 2623 tempore
1316 2541 1376 2600 su·
1494 2534 1495 2539 ’

282 2649 433 2724 peresse
465 2629 668 2722 oportebat.
721 2625 814 2697 Nam
843 2650 927 2698 cum
952 2619 1264 2722 imperatorsine
1290 2626 1376 2700 filiis
1492 2702 1493 2707 ,

275 2727 446 2823 obiisset,
469 2725 620 2822 quilibet
638 2725 915 2824 potentissimus
932 2727 1153 2799 secularium
1171 2726 1376 2823 principum
1492 2720 1493 2749 ³

283 2827 317 2898 vi
336 2827 455 2922 magis
473 2847 583 2922 quam
607 2826 757 2922 ingenio
777 2827 960 2898 nitebatur
977 2835 1040 2903 aut
1058 2827 1138 2899 lieri
1156 2826 1295 2922 primus
1313 2837 1377 2898 aut
1491 2836 1492 2855 ¹

282 2949 510 3023 quacumque
538 2926 706 3022 pactione
732 2950 752 2998 a
781 2925 900 3023 primo
928 2929 1118 3000 secundus.
1163 2927 1216 2997 Ex
1242 2951 1312 3023 qua
1333 2948 1375 2998 re
1490 2922 1491 2961 ¹

270 3025 461 3100 discordia
481 3049 576 3122 pene
595 3035 712 3098 totum
731 3049 889 3122 regnum
906 3024 1059 3121 invasit,
1078 3029 1171 3099 adeo
1188 3036 1229 3098 ut
1245 3028 1283 3099 in
1298 3028 1374 3123 ple·

282 3127 405 3223 risque
422 3125 513 3199 locis
533 3127 687 3223 caedes,
705 3126 887 3223 incendia,
905 3127 1057 3224 rapinae
1081 3126 1225 3220 fierent,
1243 3127 1275 3199 si
1301 3151 1374 3198 non

280 3227 312 3300 is
330 3228 489 3324 impetus
507 3226 703 3298 illustrium
721 3225 885 3298 virorum
902 3226 1111 3300 sufflamine
1126 3227 1372 3322 impediretur.

281 3326 498 3424 lmperatrix
534 3349 623 3398 vero
661 3327 922 3423 chunigunda,
960 3351 1183 3425 quamquam
1215 3325 1373 3398 maritali

280 3429 409 3524 vigore
434 3427 606 3499 destituta
632 3425 748 3524 foret,
782 3437 908 3500 tamen
933 3428 1086 3503 consilio
1113 3429 1267 3499 fratrum
1291 3449 1373 3505 suo·

281 3553 377 3623 rum,
392 3526 609 3600 Tbeodorici
625 3525 817 3599 Mettensis
830 3527 1006 3624 episcopi,
1026 3538 1063 3600 et
1075 3525 1262 3599 Hezilonis
1273 3525 1372 3598 ducis

281 3625 493 3721 Baioariae,
520 3649 589 3720 pro
613 3626 749 3698 viribus
775 3627 1024 3721 reipublicae
1050 3630 1307 3721 succurrebat,
1337 3633 1373 3696 et

281 3728 326 3800 ad
345 3725 625 3797 restaurandum
652 3723 848 3820 imperium
867 3725 986 3797 aciem
1004 3725 1140 3820 ingenii
1167 3725 1373 3821 mentisque

281 3825 435 3901 sollicita
454 3823 749 3896 consideratione
775 3824 914 3896 direxit.

332 3929 403 3999 llas
420 3924 534 4023 petit,
560 3936 599 3996 ut
624 3923 744 3997 dicam
763 3931 993 3996 summorum
1012 3925 1162 3997 uomina
1179 3928 1372 4022 quaedam,

281 4049 344 4103 seu
365 4025 582 4122 pontificum
608 4023 686 4096 sive
711 4025 930 4100 secularium
949 4024 1178 4122 principum,
1208 4025 1269 4121 qui
1286 4035 1373 4097 tunc

282 4126 317 4197 in
336 4126 460 4220 regnis
477 4124 664 4221 vigebant,
866 4209 869 4214 ι

331 4225 496 4312 Quorum
515 4223 676 4298 consiliis
696 4225 886 4298 consuevit
902 4224 1055 4297 Francia
1080 4247 1190 4320 reges
