<?xml version="1.0" encoding="UTF-8"?>
<!DOCTYPE html PUBLIC "-//W3C//DTD XHTML 1.0 Transitional//EN"
    "http://www.w3.org/TR/xhtml1/DTD/xhtml1-transitional.dtd">
<html xmlns="http://www.w3.org/1999/xhtml" xml:lang="en" lang="en">
 <head>
  <title>
</title>
<meta http-equiv="Content-Type" content="text/html;charset=utf-8" />
  <meta name='ocr-system' content='tesseract 3.04.00' />
  <meta name='ocr-capabilities' content='ocr_page ocr_carea ocr_par ocr_line ocrx_word'/>
</head>
<body>
  <div class='ocr_page' id='page_1' title='image "./proverbiatetral00wippgoog/proverbiatetral00wippgoog_0082.png"; bbox 0 0 3017 4884; ppageno 0'>
   <div class='ocr_carea' id='block_1_1' title="bbox 255 319 1291 457">
    <p class='ocr_par' dir='ltr' id='par_1_1' title="bbox 255 319 1291 457">
     <span class='ocr_line' id='line_1_1' title="bbox 255 319 1291 457; baseline -0.005 -1"><span class='ocrx_word' id='word_1_1' title='bbox 255 388 304 457; x_wconf 71' lang='grc' dir='ltr'>το</span> <span class='ocrx_word' id='word_1_2' title='bbox 421 381 623 456; x_wconf 82' lang='lat' dir='ltr'>wiroms</span> <span class='ocrx_word' id='word_1_3' title='bbox 649 380 759 454; x_wconf 82' lang='lat' dir='ltr'>vim</span> <span class='ocrx_word' id='word_1_4' title='bbox 779 380 1054 456; x_wconf 82' lang='lat' dir='ltr'>cuuoumm</span> <span class='ocrx_word' id='word_1_5' title='bbox 1080 381 1173 454; x_wconf 81' lang='lat' dir='ltr'>rur.</span> <span class='ocrx_word' id='word_1_6' title='bbox 1287 319 1291 322; x_wconf 42' lang='grc'><strong>’</strong></span> 
     </span>
    </p>
   </div>
   <div class='ocr_carea' id='block_1_2' title="bbox 157 564 1349 2068">
    <p class='ocr_par' dir='ltr' id='par_1_2' title="bbox 157 564 1349 2068">
     <span class='ocr_line' id='line_1_2' title="bbox 157 564 1348 680; baseline -0.004 -24"><span class='ocrx_word' id='word_1_7' title='bbox 157 601 233 656; x_wconf 77' lang='lat' dir='ltr'>toas.</span> <span class='ocrx_word' id='word_1_8' title='bbox 255 582 394 680; x_wconf 83' lang='lat' dir='ltr'>cipibus</span> <span class='ocrx_word' id='word_1_9' title='bbox 420 580 545 676; x_wconf 81' lang='lat' dir='ltr'>regni,</span> <span class='ocrx_word' id='word_1_10' title='bbox 572 582 746 675; x_wconf 79' lang='lat' dir='ltr'>generale</span> <span class='ocrx_word' id='word_1_11' title='bbox 772 580 994 676; x_wconf 83' lang='lat' dir='ltr'><strong>colloquium</strong></span> <span class='ocrx_word' id='word_1_12' title='bbox 1011 577 1138 661; x_wconf 85' lang='lat' dir='ltr'>babuit</span> <span class='ocrx_word' id='word_1_13' title='bbox 1155 601 1238 651; x_wconf 90' lang='lat' dir='ltr'>cum</span> <span class='ocrx_word' id='word_1_14' title='bbox 1256 564 1348 671; x_wconf 74' lang='lat' dir='ltr'>eis&#39;1,</span> 
     </span>
     <span class='ocr_line' id='line_1_3' title="bbox 255 677 1348 776; baseline -0.006 -22"><span class='ocrx_word' id='word_1_15' title='bbox 255 692 292 754; x_wconf 88' lang='lat' dir='ltr'>ct</span> <span class='ocrx_word' id='word_1_16' title='bbox 309 681 370 753; x_wconf 90' lang='lat' dir='ltr'>diu</span> <span class='ocrx_word' id='word_1_17' title='bbox 388 683 577 753; x_wconf 82' lang='lat' dir='ltr'><strong>desuetam</strong></span> <span class='ocrx_word' id='word_1_18' title='bbox 596 689 704 775; x_wconf 89' lang='lat' dir='ltr'>atque</span> <span class='ocrx_word' id='word_1_19' title='bbox 729 703 827 776; x_wconf 85' lang='lat' dir='ltr'>pene</span> <span class='ocrx_word' id='word_1_20' title='bbox 852 681 1013 752; x_wconf 84' lang='lat' dir='ltr'>deletam</span> <span class='ocrx_word' id='word_1_21' title='bbox 1030 679 1153 773; x_wconf 83' lang='lat' dir='ltr'>legem</span> <span class='ocrx_word' id='word_1_22' title='bbox 1171 688 1259 753; x_wconf 85' lang='lat' dir='ltr'>tunc</span> <span class='ocrx_word' id='word_1_23' title='bbox 1275 677 1348 772; x_wconf 90' lang='lat' dir='ltr'>pri·</span> 
     </span>
     <span class='ocr_line' id='line_1_4' title="bbox 255 775 1347 875; baseline -0.006 -22"><span class='ocrx_word' id='word_1_24' title='bbox 255 805 357 854; x_wconf 88' lang='lat' dir='ltr'>mum</span> <span class='ocrx_word' id='word_1_25' title='bbox 369 779 626 875; x_wconf 76' lang='lat' dir='ltr'>‘Burgundiam</span> <span class='ocrx_word' id='word_1_26' title='bbox 645 779 849 874; x_wconf 86' lang='lat' dir='ltr'>praelibare</span> <span class='ocrx_word' id='word_1_27' title='bbox 867 780 1017 852; x_wconf 80' lang='lat' dir='ltr'>lecerat</span> <span class='ocrx_word' id='word_1_28' title='bbox 1052 777 1264 851; x_wconf 80' lang='lat' dir='ltr'><strong>Transactis</strong></span> <span class='ocrx_word' id='word_1_29' title='bbox 1283 775 1347 846; x_wconf 91' lang='lat' dir='ltr'>tri·</span> 
     </span>
     <span class='ocr_line' id='line_1_5' title="bbox 255 873 1347 975; baseline -0.005 -22"><span class='ocrx_word' id='word_1_30' title='bbox 255 885 322 953; x_wconf 89' lang='lat' dir='ltr'>bus</span> <span class='ocrx_word' id='word_1_31' title='bbox 341 879 466 952; x_wconf 88' lang='lat' dir='ltr'>diebus</span> <span class='ocrx_word' id='word_1_32' title='bbox 484 879 668 974; x_wconf 80' lang='lat' dir='ltr'>generalis</span> <span class='ocrx_word' id='word_1_33' title='bbox 687 878 876 975; x_wconf 72' lang='lat' dir='ltr'>colloquii,</span> <span class='ocrx_word' id='word_1_34' title='bbox 902 887 1034 972; x_wconf 85' lang='lat' dir='ltr'>quarta</span> <span class='ocrx_word' id='word_1_35' title='bbox 1054 877 1111 949; x_wconf 86' lang='lat' dir='ltr'>die</span> <span class='ocrx_word' id='word_1_36' title='bbox 1129 873 1347 972; x_wconf 86' lang='lat' dir='ltr'>primatibus</span> 
     </span>
     <span class='ocr_line' id='line_1_6' title="bbox 254 977 1346 1075; baseline -0.005 -24"><span class='ocrx_word' id='word_1_37' title='bbox 254 980 359 1075; x_wconf 81' lang='lat' dir='ltr'>regni</span> <span class='ocrx_word' id='word_1_38' title='bbox 384 1003 468 1051; x_wconf 90' lang='lat' dir='ltr'>cum</span> <span class='ocrx_word' id='word_1_39' title='bbox 487 978 656 1051; x_wconf 87' lang='lat' dir='ltr'>universo</span> <span class='ocrx_word' id='word_1_40' title='bbox 675 979 813 1074; x_wconf 90' lang='lat' dir='ltr'>populo</span> <span class='ocrx_word' id='word_1_41' title='bbox 830 977 1061 1050; x_wconf 76' lang='lat' dir='ltr'>laudantibus</span> <span class='ocrx_word' id='word_1_42' title='bbox 1085 986 1195 1072; x_wconf 85' lang='lat' dir='ltr'>atque</span> <span class='ocrx_word' id='word_1_43' title='bbox 1212 998 1346 1070; x_wconf 76' lang='lat' dir='ltr'>rogan-</span> 
     </span>
     <span class='ocr_line' id='line_1_7' title="bbox 253 1075 1346 1175; baseline -0.005 -24"><span class='ocrx_word' id='word_1_44' title='bbox 253 1079 371 1175; x_wconf 87' lang='lat' dir='ltr'>tibus,</span> <span class='ocrx_word' id='word_1_45' title='bbox 392 1079 595 1174; x_wconf 86' lang='lat' dir='ltr'>imperator</span> <span class='ocrx_word' id='word_1_46' title='bbox 612 1077 687 1148; x_wconf 88' lang='lat' dir='ltr'>filio</span> <span class='ocrx_word' id='word_1_47' title='bbox 706 1102 773 1150; x_wconf 87' lang='lat' dir='ltr'>suo</span> <span class='ocrx_word' id='word_1_48' title='bbox 793 1077 965 1150; x_wconf 86' lang='lat' dir='ltr'>Heinrico</span> <span class='ocrx_word' id='word_1_49' title='bbox 982 1077 1063 1171; x_wconf 81' lang='lat' dir='ltr'>regi</span> <span class='ocrx_word' id='word_1_50' title='bbox 1080 1099 1237 1170; x_wconf 77' lang='lat' dir='ltr'>regnum</span> <span class='ocrx_word' id='word_1_51' title='bbox 1255 1075 1346 1146; x_wconf 92' lang='lat' dir='ltr'>Bur-</span> 
     </span>
     <span class='ocr_line' id='line_1_8' title="bbox 254 1175 1346 1274; baseline -0.004 -24"><span class='ocrx_word' id='word_1_52' title='bbox 254 1179 412 1274; x_wconf 78' lang='lat' dir='ltr'>gundiae</span> <span class='ocrx_word' id='word_1_53' title='bbox 430 1176 591 1274; x_wconf 89' lang='lat' dir='ltr'>tradidit,</span> <span class='ocrx_word' id='word_1_54' title='bbox 615 1177 720 1273; x_wconf 85' lang='lat' dir='ltr'>eique</span> <span class='ocrx_word' id='word_1_55' title='bbox 738 1176 952 1249; x_wconf 78' lang='lat' dir='ltr'>fidelitatem</span> <span class='ocrx_word' id='word_1_56' title='bbox 972 1178 1092 1248; x_wconf 89' lang='lat' dir='ltr'>denuo</span> <span class='ocrx_word' id='word_1_57' title='bbox 1110 1175 1232 1248; x_wconf 87' lang='lat' dir='ltr'>iurare</span> <span class='ocrx_word' id='word_1_58' title='bbox 1249 1175 1346 1246; x_wconf 84' lang='lat' dir='ltr'>fecit.</span> 
     </span>
     <span class='ocr_line' id='line_1_9' title="bbox 255 1274 1347 1372; baseline 0 -24"><span class='ocrx_word' id='word_1_59' title='bbox 255 1279 374 1364; x_wconf 83' lang='lat' dir='ltr'>Quem</span> <span class='ocrx_word' id='word_1_60' title='bbox 407 1276 570 1372; x_wconf 81' lang='lat' dir='ltr'>episcopi</span> <span class='ocrx_word' id='word_1_61' title='bbox 606 1301 688 1349; x_wconf 86' lang='lat' dir='ltr'>cum</span> <span class='ocrx_word' id='word_1_62' title='bbox 724 1277 880 1348; x_wconf 86' lang='lat' dir='ltr'>caeteris</span> <span class='ocrx_word' id='word_1_63' title='bbox 907 1275 1131 1372; x_wconf 86' lang='lat' dir='ltr'>principibus</span> <span class='ocrx_word' id='word_1_64' title='bbox 1156 1274 1194 1344; x_wconf 90' lang='lat' dir='ltr'>in</span> <span class='ocrx_word' id='word_1_65' title='bbox 1229 1274 1347 1348; x_wconf 87' lang='lat' dir='ltr'>eccle·</span> 
     </span>
     <span class='ocr_line' id='line_1_10' title="bbox 255 1372 1348 1472; baseline -0.004 -24"><span class='ocrx_word' id='word_1_66' title='bbox 255 1375 348 1450; x_wconf 88' lang='lat' dir='ltr'>siam</span> <span class='ocrx_word' id='word_1_67' title='bbox 366 1375 483 1449; x_wconf 88' lang='lat' dir='ltr'>sancti</span> <span class='ocrx_word' id='word_1_68' title='bbox 496 1375 686 1472; x_wconf 86' lang='lat' dir='ltr'>Stephani,</span> <span class='ocrx_word' id='word_1_69' title='bbox 706 1399 799 1470; x_wconf 89' lang='lat' dir='ltr'>quae</span> <span class='ocrx_word' id='word_1_70' title='bbox 817 1400 884 1471; x_wconf 89' lang='lat' dir='ltr'>pro</span> <span class='ocrx_word' id='word_1_71' title='bbox 903 1375 1046 1471; x_wconf 80' lang='lat' dir='ltr'>capella</span> <span class='ocrx_word' id='word_1_72' title='bbox 1063 1374 1162 1467; x_wconf 81' lang='lat' dir='ltr'>regis</span> <span class='ocrx_word' id='word_1_73' title='bbox 1177 1372 1348 1446; x_wconf 85' lang='lat' dir='ltr'>Soloduri</span> 
     </span>
     <span class='ocr_line' id='line_1_11' title="bbox 181 1472 1348 1570; baseline -0.002 -24"><span class='ocrx_word' id='word_1_74' title='bbox 181 1490 184 1499; x_wconf 78' lang='grc'><strong>’</strong></span> <span class='ocrx_word' id='word_1_75' title='bbox 254 1476 423 1570; x_wconf 87' lang='lat' dir='ltr'>habetur,</span> <span class='ocrx_word' id='word_1_76' title='bbox 442 1477 678 1570; x_wconf 77' lang='lat' dir='ltr'>deducenteS,</span> <span class='ocrx_word' id='word_1_77' title='bbox 698 1475 846 1569; x_wconf 88' lang='lat' dir='ltr'>hymnis</span> <span class='ocrx_word' id='word_1_78' title='bbox 858 1485 898 1546; x_wconf 89' lang='lat' dir='ltr'>et</span> <span class='ocrx_word' id='word_1_79' title='bbox 914 1473 1065 1546; x_wconf 88' lang='lat' dir='ltr'>canticis</span> <span class='ocrx_word' id='word_1_80' title='bbox 1083 1472 1215 1544; x_wconf 87' lang='lat' dir='ltr'>divinis</span> <span class='ocrx_word' id='word_1_81' title='bbox 1228 1473 1348 1544; x_wconf 86' lang='lat' dir='ltr'>Deum</span> 
     </span>
     <span class='ocr_line' id='line_1_12' title="bbox 256 1573 1347 1670; baseline -0.003 -24"><span class='ocrx_word' id='word_1_82' title='bbox 256 1577 464 1670; x_wconf 88' lang='lat' dir='ltr'>laudabant,</span> <span class='ocrx_word' id='word_1_83' title='bbox 482 1575 619 1669; x_wconf 91' lang='lat' dir='ltr'>populo</span> <span class='ocrx_word' id='word_1_84' title='bbox 639 1575 823 1647; x_wconf 88' lang='lat' dir='ltr'>clamante</span> <span class='ocrx_word' id='word_1_85' title='bbox 841 1583 879 1645; x_wconf 89' lang='lat' dir='ltr'>et</span> <span class='ocrx_word' id='word_1_86' title='bbox 895 1573 1061 1668; x_wconf 86' lang='lat' dir='ltr'>dicente,</span> <span class='ocrx_word' id='word_1_87' title='bbox 1080 1574 1175 1668; x_wconf 88' lang='lat' dir='ltr'>quod</span> <span class='ocrx_word' id='word_1_88' title='bbox 1195 1597 1267 1668; x_wconf 85' lang='lat' dir='ltr'>pax</span> <span class='ocrx_word' id='word_1_89' title='bbox 1283 1598 1347 1668; x_wconf 86' lang='lat' dir='ltr'>pa-</span> 
     </span>
     <span class='ocr_line' id='line_1_13' title="bbox 256 1671 1349 1770; baseline -0.005 -22"><span class='ocrx_word' id='word_1_90' title='bbox 256 1698 338 1748; x_wconf 86' lang='lat' dir='ltr'>cem</span> <span class='ocrx_word' id='word_1_91' title='bbox 363 1684 580 1770; x_wconf 73' lang='lat' dir='ltr'>generaret,</span> <span class='ocrx_word' id='word_1_92' title='bbox 607 1673 638 1745; x_wconf 91' lang='lat' dir='ltr'>si</span> <span class='ocrx_word' id='word_1_93' title='bbox 665 1698 730 1746; x_wconf 85' lang='lat' dir='ltr'>rex</span> <span class='ocrx_word' id='word_1_94' title='bbox 757 1697 840 1746; x_wconf 90' lang='lat' dir='ltr'>cum</span> <span class='ocrx_word' id='word_1_95' title='bbox 867 1697 1017 1746; x_wconf 88' lang='lat' dir='ltr'>caesare</span> <span class='ocrx_word' id='word_1_96' title='bbox 1036 1671 1243 1766; x_wconf 79' lang='lat' dir='ltr'>regnaret2.</span> <span class='ocrx_word' id='word_1_97' title='bbox 1280 1673 1349 1743; x_wconf 88' lang='lat' dir='ltr'>Re·</span> 
     </span>
     <span class='ocr_line' id='line_1_14' title="bbox 254 1772 1346 1869; baseline -0.003 -23"><span class='ocrx_word' id='word_1_98' title='bbox 254 1797 385 1851; x_wconf 85' lang='lat' dir='ltr'>versus</span> <span class='ocrx_word' id='word_1_99' title='bbox 418 1773 621 1869; x_wconf 88' lang='lat' dir='ltr'>imperator</span> <span class='ocrx_word' id='word_1_100' title='bbox 647 1797 713 1868; x_wconf 89' lang='lat' dir='ltr'>per</span> <span class='ocrx_word' id='word_1_101' title='bbox 741 1774 924 1846; x_wconf 89' lang='lat' dir='ltr'>Basileam</span> <span class='ocrx_word' id='word_1_102' title='bbox 952 1774 1203 1867; x_wconf 79' lang='lat' dir='ltr'>descendenS,</span> <span class='ocrx_word' id='word_1_103' title='bbox 1235 1772 1346 1860; x_wconf 64' lang='lat' dir='ltr'>Fran7</span> 
     </span>
     <span class='ocr_line' id='line_1_15' title="bbox 172 1871 1185 1967; baseline 0 -23"><span class='ocrx_word' id='word_1_104' title='bbox 172 1891 238 1946; x_wconf 82' lang='lat' dir='ltr'>uec.</span> <span class='ocrx_word' id='word_1_105' title='bbox 256 1873 349 1947; x_wconf 89' lang='lat' dir='ltr'>ciam</span> <span class='ocrx_word' id='word_1_106' title='bbox 369 1872 585 1946; x_wconf 83' lang='lat' dir='ltr'>orientalem</span> <span class='ocrx_word' id='word_1_107' title='bbox 613 1882 651 1944; x_wconf 85' lang='lat' dir='ltr'>et</span> <span class='ocrx_word' id='word_1_108' title='bbox 668 1872 868 1944; x_wconf 88' lang='lat' dir='ltr'>Saxouiam</span> <span class='ocrx_word' id='word_1_109' title='bbox 890 1882 1004 1967; x_wconf 80' lang='lat' dir='ltr'>atque</span> <span class='ocrx_word' id='word_1_110' title='bbox 1021 1871 1185 1944; x_wconf 83' lang='lat' dir='ltr'>Fresintn</span> 
     </span>
     <span class='ocr_line' id='line_1_16' title="bbox 380 1969 1221 2068; baseline -0.006 -24"><span class='ocrx_word' id='word_1_111' title='bbox 380 1973 513 2045; x_wconf 86' lang='lat' dir='ltr'>Pacem</span> <span class='ocrx_word' id='word_1_112' title='bbox 531 1972 734 2068; x_wconf 86' lang='lat' dir='ltr'>firmando,</span> <span class='ocrx_word' id='word_1_113' title='bbox 761 1973 881 2067; x_wconf 83' lang='lat' dir='ltr'>legem</span> <span class='ocrx_word' id='word_1_114' title='bbox 901 1971 1069 2044; x_wconf 88' lang='lat' dir='ltr'>faciendo</span> <span class='ocrx_word' id='word_1_115' title='bbox 1088 1969 1221 2042; x_wconf 89' lang='lat' dir='ltr'>revisit.</span> 
     </span>
    </p>
   </div>
   <div class='ocr_carea' id='block_1_3' title="bbox 474 2123 1123 2220">
    <p class='ocr_par' dir='ltr' id='par_1_3' title="bbox 474 2123 1123 2220">
     <span class='ocr_line' id='line_1_17' title="bbox 474 2123 1123 2220; baseline -0.009 -20"><span class='ocrx_word' id='word_1_116' title='bbox 474 2128 531 2200; x_wconf 88' lang='lat'>39.</span> <span class='ocrx_word' id='word_1_117' title='bbox 568 2125 628 2196; x_wconf 92' lang='lat' dir='ltr'>De</span> <span class='ocrx_word' id='word_1_118' title='bbox 656 2124 786 2196; x_wconf 91' lang='lat' dir='ltr'>obitu</span> <span class='ocrx_word' id='word_1_119' title='bbox 811 2123 1123 2220; x_wconf 76' lang='lat' dir='ltr'>imperatoris,</span> 
     </span>
    </p>
   </div>
   <div class='ocr_carea' id='block_1_4' title="bbox 69 2257 1366 4050">
    <p class='ocr_par' dir='ltr' id='par_1_4' title="bbox 69 2257 1347 2654">
     <span class='ocr_line' id='line_1_18' title="bbox 157 2257 1347 2353; baseline -0.008 -14"><span class='ocrx_word' id='word_1_120' title='bbox 157 2285 235 2346; x_wconf 79' lang='lat'><strong>1039.</strong></span> <span class='ocrx_word' id='word_1_121' title='bbox 329 2263 436 2334; x_wconf 90' lang='lat' dir='ltr'>Anno</span> <span class='ocrx_word' id='word_1_122' title='bbox 456 2258 662 2335; x_wconf 90' lang='lat' dir='ltr'>dominicae</span> <span class='ocrx_word' id='word_1_123' title='bbox 679 2259 942 2346; x_wconf 79' lang='lat' dir='ltr'>incarnationis</span> <span class='ocrx_word' id='word_1_124' title='bbox 964 2262 1059 2334; x_wconf 77' lang='lat'>1039</span> <span class='ocrx_word' id='word_1_125' title='bbox 1078 2262 1164 2332; x_wconf 89' lang='lat' dir='ltr'>dum</span> <span class='ocrx_word' id='word_1_126' title='bbox 1188 2257 1347 2353; x_wconf 89' lang='lat' dir='ltr'>impera·</span> 
     </span>
     <span class='ocr_line' id='line_1_19' title="bbox 69 2357 1346 2454; baseline -0.003 -21"><span class='ocrx_word' id='word_1_127' title='bbox 69 2369 73 2376; x_wconf 89' lang='grc'><strong>’</strong></span> <span class='ocrx_word' id='word_1_128' title='bbox 253 2372 313 2433; x_wconf 87' lang='lat' dir='ltr'>tor</span> <span class='ocrx_word' id='word_1_129' title='bbox 338 2361 577 2434; x_wconf 90' lang='lat' dir='ltr'>Cbuonradus</span> <span class='ocrx_word' id='word_1_130' title='bbox 602 2359 674 2430; x_wconf 88' lang='lat' dir='ltr'>iam</span> <span class='ocrx_word' id='word_1_131' title='bbox 700 2357 737 2430; x_wconf 91' lang='lat' dir='ltr'>in</span> <span class='ocrx_word' id='word_1_132' title='bbox 763 2358 837 2430; x_wconf 89' lang='lat' dir='ltr'>lilio</span> <span class='ocrx_word' id='word_1_133' title='bbox 856 2383 922 2431; x_wconf 91' lang='lat' dir='ltr'>suo</span> <span class='ocrx_word' id='word_1_134' title='bbox 941 2383 1031 2454; x_wconf 82' lang='lat' dir='ltr'>rege</span> <span class='ocrx_word' id='word_1_135' title='bbox 1049 2357 1221 2437; x_wconf 87' lang='lat' dir='ltr'>Heinrico</span> <span class='ocrx_word' id='word_1_136' title='bbox 1241 2359 1346 2454; x_wconf 83' lang='lat' dir='ltr'>regni</span> 
     </span>
     <span class='ocr_line' id='line_1_20' title="bbox 134 2457 1347 2554; baseline -0.002 -22"><span class='ocrx_word' id='word_1_137' title='bbox 134 2507 137 2512; x_wconf 92' lang='lat'>-</span> <span class='ocrx_word' id='word_1_138' title='bbox 255 2483 355 2554; x_wconf 89' lang='lat' dir='ltr'>rem,</span> <span class='ocrx_word' id='word_1_139' title='bbox 381 2458 526 2554; x_wconf 90' lang='lat' dir='ltr'>imperii</span> <span class='ocrx_word' id='word_1_140' title='bbox 549 2468 671 2530; x_wconf 90' lang='lat' dir='ltr'>autem</span> <span class='ocrx_word' id='word_1_141' title='bbox 696 2481 803 2554; x_wconf 91' lang='lat' dir='ltr'>spem</span> <span class='ocrx_word' id='word_1_142' title='bbox 827 2460 921 2532; x_wconf 85' lang='lat' dir='ltr'>bene</span> <span class='ocrx_word' id='word_1_143' title='bbox 947 2459 1107 2532; x_wconf 88' lang='lat' dir='ltr'>locatam</span> <span class='ocrx_word' id='word_1_144' title='bbox 1132 2457 1347 2554; x_wconf 85' lang='lat' dir='ltr'>confideret,</span> 
     </span>
     <span class='ocr_line' id='line_1_21' title="bbox 256 2558 1346 2654; baseline 0 -24"><span class='ocrx_word' id='word_1_145' title='bbox 256 2582 410 2654; x_wconf 86' lang='lat' dir='ltr'>cumque</span> <span class='ocrx_word' id='word_1_146' title='bbox 444 2580 539 2653; x_wconf 91' lang='lat' dir='ltr'>pene</span> <span class='ocrx_word' id='word_1_147' title='bbox 571 2558 694 2628; x_wconf 89' lang='lat' dir='ltr'>omnia</span> <span class='ocrx_word' id='word_1_148' title='bbox 722 2581 790 2653; x_wconf 86' lang='lat' dir='ltr'>per</span> <span class='ocrx_word' id='word_1_149' title='bbox 814 2581 971 2652; x_wconf 85' lang='lat' dir='ltr'>regnum</span> <span class='ocrx_word' id='word_1_150' title='bbox 998 2561 1043 2630; x_wconf 88' lang='lat' dir='ltr'>ad</span> <span class='ocrx_word' id='word_1_151' title='bbox 1070 2558 1211 2631; x_wconf 88' lang='lat' dir='ltr'>libitum</span> <span class='ocrx_word' id='word_1_152' title='bbox 1240 2582 1346 2640; x_wconf 85' lang='lat' dir='ltr'>suum</span> 
     </span>
    </p>

    <p class='ocr_par' dir='ltr' id='par_1_5' title="bbox 159 2655 1348 2854">
     <span class='ocr_line' id='line_1_22' title="bbox 159 2655 1348 2753; baseline -0.001 -23"><span class='ocrx_word' id='word_1_153' title='bbox 159 2677 243 2732; x_wconf 75' lang='lat' dir='ltr'>tuns.</span> <span class='ocrx_word' id='word_1_154' title='bbox 255 2658 429 2731; x_wconf 84' lang='lat' dir='ltr'>inclinata</span> <span class='ocrx_word' id='word_1_155' title='bbox 456 2655 617 2753; x_wconf 85' lang='lat' dir='ltr'>videret,</span> <span class='ocrx_word' id='word_1_156' title='bbox 644 2655 848 2753; x_wconf 78' lang='lat' dir='ltr'>ipso&#39;anno</span> <span class='ocrx_word' id='word_1_157' title='bbox 872 2657 968 2730; x_wconf 88' lang='lat' dir='ltr'>diem</span> <span class='ocrx_word' id='word_1_158' title='bbox 988 2667 1157 2730; x_wconf 89' lang='lat' dir='ltr'>sanctum</span> <span class='ocrx_word' id='word_1_159' title='bbox 1176 2667 1348 2753; x_wconf 88' lang='lat' dir='ltr'>penteco-</span> 
     </span>
     <span class='ocr_line' id='line_1_23' title="bbox 236 2756 1348 2854; baseline -0.004 -23"><span class='ocrx_word' id='word_1_160' title='bbox 236 2767 331 2852; x_wconf 75' lang='lat' dir='ltr'>stes</span> <span class='ocrx_word' id='word_1_161' title='bbox 367 2760 462 2854; x_wconf 88' lang='lat' dir='ltr'>apud</span> <span class='ocrx_word' id='word_1_162' title='bbox 497 2756 704 2828; x_wconf 89' lang='lat' dir='ltr'>Traiectum</span> <span class='ocrx_word' id='word_1_163' title='bbox 742 2757 928 2830; x_wconf 89' lang='lat' dir='ltr'>civitatem</span> <span class='ocrx_word' id='word_1_164' title='bbox 960 2759 987 2828; x_wconf 89' lang='lat' dir='ltr'>F</span> <span class='ocrx_word' id='word_1_165' title='bbox 990 2757 1109 2830; x_wconf 85' lang='lat' dir='ltr'>rosiae</span> <span class='ocrx_word' id='word_1_166' title='bbox 1135 2756 1348 2850; x_wconf 83' lang='lat' dir='ltr'>celebravit,</span> 
     </span>
    </p>

    <p class='ocr_par' dir='ltr' id='par_1_6' title="bbox 255 2855 1348 3053">
     <span class='ocr_line' id='line_1_24' title="bbox 257 2855 1348 2952; baseline -0.002 -22"><span class='ocrx_word' id='word_1_167' title='bbox 257 2858 315 2930; x_wconf 93' lang='lat' dir='ltr'>ubi</span> <span class='ocrx_word' id='word_1_168' title='bbox 348 2881 431 2930; x_wconf 85' lang='lat' dir='ltr'>curn</span> <span class='ocrx_word' id='word_1_169' title='bbox 466 2855 755 2932; x_wconf 85' lang='lat' dir='ltr'>sacratissimam</span> <span class='ocrx_word' id='word_1_170' title='bbox 788 2856 1101 2952; x_wconf 81' lang='lat' dir='ltr'>sollempnitatem</span> <span class='ocrx_word' id='word_1_171' title='bbox 1135 2859 1348 2944; x_wconf 85' lang='lat' dir='ltr'>venerando</span> 
     </span>
     <span class='ocr_line' id='line_1_25' title="bbox 255 2954 1348 3053; baseline -0.002 -23"><span class='ocrx_word' id='word_1_172' title='bbox 255 2956 454 3051; x_wconf 83' lang='lat' dir='ltr'>magnifice</span> <span class='ocrx_word' id='word_1_173' title='bbox 479 2979 561 3026; x_wconf 92' lang='lat' dir='ltr'>cum</span> <span class='ocrx_word' id='word_1_174' title='bbox 589 2955 663 3026; x_wconf 89' lang='lat' dir='ltr'>lilio</span> <span class='ocrx_word' id='word_1_175' title='bbox 692 2965 728 3026; x_wconf 91' lang='lat' dir='ltr'>et</span> <span class='ocrx_word' id='word_1_176' title='bbox 745 2954 982 3053; x_wconf 87' lang='lat' dir='ltr'>imperatrice</span> <span class='ocrx_word' id='word_1_177' title='bbox 1005 2965 1201 3028; x_wconf 88' lang='lat' dir='ltr'>coronatus</span> <span class='ocrx_word' id='word_1_178' title='bbox 1219 2979 1348 3052; x_wconf 87' lang='lat' dir='ltr'>procc-</span> 
     </span>
    </p>

    <p class='ocr_par' dir='ltr' id='par_1_7' title="bbox 158 3055 1349 3451">
     <span class='ocr_line' id='line_1_26' title="bbox 164 3055 1347 3152; baseline -0.001 -24"><span class='ocrx_word' id='word_1_179' title='bbox 164 3137 166 3147; x_wconf 51' lang='grc'>,</span> <span class='ocrx_word' id='word_1_180' title='bbox 257 3059 360 3128; x_wconf 86' lang='lat' dir='ltr'>deret</span> <span class='ocrx_word' id='word_1_181' title='bbox 395 3056 441 3128; x_wconf 90' lang='lat' dir='ltr'>ad</span> <span class='ocrx_word' id='word_1_182' title='bbox 476 3077 665 3150; x_wconf 84' lang='lat' dir='ltr'>mensam,</span> <span class='ocrx_word' id='word_1_183' title='bbox 692 3055 868 3129; x_wconf 87' lang='lat' dir='ltr'>mediocri</span> <span class='ocrx_word' id='word_1_184' title='bbox 897 3057 1024 3133; x_wconf 88' lang='lat' dir='ltr'>dolore</span> <span class='ocrx_word' id='word_1_185' title='bbox 1059 3066 1251 3152; x_wconf 88' lang='lat' dir='ltr'>correptus</span> <span class='ocrx_word' id='word_1_186' title='bbox 1281 3065 1347 3128; x_wconf 90' lang='lat' dir='ltr'>est.</span> 
     </span>
     <span class='ocr_line' id='line_1_27' title="bbox 257 3153 1348 3252; baseline 0 -25"><span class='ocrx_word' id='word_1_187' title='bbox 257 3156 395 3228; x_wconf 91' lang='lat' dir='ltr'>Tamen</span> <span class='ocrx_word' id='word_1_188' title='bbox 415 3178 461 3226; x_wconf 92' lang='lat' dir='ltr'>ne</span> <span class='ocrx_word' id='word_1_189' title='bbox 480 3163 604 3226; x_wconf 88' lang='lat' dir='ltr'>tantae</span> <span class='ocrx_word' id='word_1_190' title='bbox 623 3153 693 3225; x_wconf 88' lang='lat' dir='ltr'>diei</span> <span class='ocrx_word' id='word_1_191' title='bbox 711 3154 889 3226; x_wconf 86' lang='lat' dir='ltr'>laetitiam</span> <span class='ocrx_word' id='word_1_192' title='bbox 908 3160 1159 3252; x_wconf 84' lang='lat' dir='ltr'>perturbaret,</span> <span class='ocrx_word' id='word_1_193' title='bbox 1182 3156 1348 3232; x_wconf 89' lang='lat' dir='ltr'>dolorem</span> 
     </span>
     <span class='ocr_line' id='line_1_28' title="bbox 158 3253 1349 3348; baseline 0.001 -23"><span class='ocrx_word' id='word_1_194' title='bbox 158 3253 506 3328; x_wconf 84' lang='lat' dir='ltr'>tun.4.·dissimulavit.</span> <span class='ocrx_word' id='word_1_195' title='bbox 542 3253 719 3348; x_wconf 85' lang='lat' dir='ltr'>Sequenti</span> <span class='ocrx_word' id='word_1_196' title='bbox 742 3254 801 3326; x_wconf 87' lang='lat' dir='ltr'>die</span> <span class='ocrx_word' id='word_1_197' title='bbox 821 3279 903 3326; x_wconf 89' lang='lat' dir='ltr'>curn</span> <span class='ocrx_word' id='word_1_198' title='bbox 932 3258 1082 3328; x_wconf 90' lang='lat' dir='ltr'>morbus</span> <span class='ocrx_word' id='word_1_199' title='bbox 1100 3254 1220 3326; x_wconf 90' lang='lat' dir='ltr'>letalis</span> <span class='ocrx_word' id='word_1_200' title='bbox 1237 3255 1349 3326; x_wconf 89' lang='lat' dir='ltr'>vehe-</span> 
     </span>
     <span class='ocr_line' id='line_1_29' title="bbox 257 3353 1348 3451; baseline 0 -24"><span class='ocrx_word' id='word_1_201' title='bbox 257 3365 402 3428; x_wconf 88' lang='lat' dir='ltr'>menter</span> <span class='ocrx_word' id='word_1_202' title='bbox 428 3353 634 3448; x_wconf 72' lang='lat' dir='ltr'>insisteret,</span> <span class='ocrx_word' id='word_1_203' title='bbox 667 3353 940 3451; x_wconf 86' lang='lat' dir='ltr'>imperatricem</span> <span class='ocrx_word' id='word_1_204' title='bbox 968 3378 1054 3427; x_wconf 91' lang='lat' dir='ltr'>cum</span> <span class='ocrx_word' id='word_1_205' title='bbox 1086 3353 1161 3426; x_wconf 91' lang='lat' dir='ltr'>filio</span> <span class='ocrx_word' id='word_1_206' title='bbox 1187 3377 1276 3449; x_wconf 81' lang='lat' dir='ltr'>rege</span> <span class='ocrx_word' id='word_1_207' title='bbox 1302 3356 1348 3428; x_wconf 86' lang='lat' dir='ltr'>ad</span> 
     </span>
    </p>

    <p class='ocr_par' dir='ltr' id='par_1_8' title="bbox 229 3452 1350 3660">
     <span class='ocr_line' id='line_1_30' title="bbox 229 3452 1350 3552; baseline -0.005 -22"><span class='ocrx_word' id='word_1_208' title='bbox 229 3525 231 3530; x_wconf 89' lang='lat'><em>.</em></span> <span class='ocrx_word' id='word_1_209' title='bbox 257 3456 450 3552; x_wconf 88' lang='lat' dir='ltr'>prandium</span> <span class='ocrx_word' id='word_1_210' title='bbox 469 3452 569 3525; x_wconf 89' lang='lat' dir='ltr'>exire</span> <span class='ocrx_word' id='word_1_211' title='bbox 588 3453 688 3526; x_wconf 90' lang='lat' dir='ltr'>iubet</span> <span class='ocrx_word' id='word_1_212' title='bbox 705 3455 749 3526; x_wconf 80' lang='lat' dir='ltr'>&lt;le</span> <span class='ocrx_word' id='word_1_213' title='bbox 771 3454 946 3528; x_wconf 92' lang='lat' dir='ltr'>cubiculo.</span> <span class='ocrx_word' id='word_1_214' title='bbox 985 3455 1131 3527; x_wconf 84' lang='lat' dir='ltr'>Interea</span> <span class='ocrx_word' id='word_1_215' title='bbox 1149 3453 1350 3549; x_wconf 89' lang='lat' dir='ltr'>imperator</span> 
     </span>
     <span class='ocr_line' id='line_1_31' title="bbox 256 3549 1350 3660; baseline -0.002 -34"><span class='ocrx_word' id='word_1_216' title='bbox 256 3554 369 3660; x_wconf 82' lang='lat' dir='ltr'>tinem</span> <span class='ocrx_word' id='word_1_217' title='bbox 397 3553 465 3625; x_wconf 88' lang='lat' dir='ltr'>sibi</span> <span class='ocrx_word' id='word_1_218' title='bbox 487 3551 680 3624; x_wconf 90' lang='lat' dir='ltr'>imminere</span> <span class='ocrx_word' id='word_1_219' title='bbox 700 3554 877 3650; x_wconf 77' lang='lat' dir='ltr'>sentiam,</span> <span class='ocrx_word' id='word_1_220' title='bbox 906 3549 1051 3626; x_wconf 58' lang='lat' dir='ltr'>sicut‘in</span> <span class='ocrx_word' id='word_1_221' title='bbox 1071 3554 1145 3626; x_wconf 89' lang='lat' dir='ltr'>vita</span> <span class='ocrx_word' id='word_1_222' title='bbox 1163 3553 1294 3648; x_wconf 86' lang='lat' dir='ltr'>samis,</span> <span class='ocrx_word' id='word_1_223' title='bbox 1312 3553 1350 3624; x_wconf 93' lang='lat' dir='ltr'>in</span> 
     </span>
    </p>

    <p class='ocr_par' dir='ltr' id='par_1_9' title="bbox 258 3653 1351 3751">
     <span class='ocr_line' id='line_1_32' title="bbox 258 3653 1351 3751; baseline 0 -27"><span class='ocrx_word' id='word_1_224' title='bbox 258 3663 340 3725; x_wconf 84' lang='lat' dir='ltr'>actu</span> <span class='ocrx_word' id='word_1_225' title='bbox 368 3675 516 3747; x_wconf 85' lang='lat' dir='ltr'>semper</span> <span class='ocrx_word' id='word_1_226' title='bbox 535 3661 708 3724; x_wconf 89' lang='lat' dir='ltr'>constans</span> <span class='ocrx_word' id='word_1_227' title='bbox 728 3663 980 3726; x_wconf 85' lang='lat' dir='ltr'>etstrennuus</span> <span class='ocrx_word' id='word_1_228' title='bbox 998 3655 1083 3751; x_wconf 83' lang='lat' dir='ltr'>fuit,</span> <span class='ocrx_word' id='word_1_229' title='bbox 1110 3653 1160 3725; x_wconf 88' lang='lat' dir='ltr'>ita</span> <span class='ocrx_word' id='word_1_230' title='bbox 1178 3653 1216 3724; x_wconf 91' lang='lat' dir='ltr'>in</span> <span class='ocrx_word' id='word_1_231' title='bbox 1234 3663 1351 3725; x_wconf 84' lang='lat' dir='ltr'>extro-</span> 
     </span>
    </p>

    <p class='ocr_par' dir='ltr' id='par_1_10' title="bbox 257 3748 1366 3948">
     <span class='ocr_line' id='line_1_33' title="bbox 257 3748 1350 3849; baseline -0.002 -24"><span class='ocrx_word' id='word_1_232' title='bbox 257 3751 328 3825; x_wconf 91' lang='lat' dir='ltr'>mis</span> <span class='ocrx_word' id='word_1_233' title='bbox 354 3749 444 3822; x_wconf 87' lang='lat' dir='ltr'>nihil</span> <span class='ocrx_word' id='word_1_234' title='bbox 471 3748 652 3844; x_wconf 80' lang='lat' dir='ltr'>segnioris</span> <span class='ocrx_word' id='word_1_235' title='bbox 678 3750 763 3822; x_wconf 90' lang='lat' dir='ltr'>fidei</span> <span class='ocrx_word' id='word_1_236' title='bbox 791 3755 1015 3849; x_wconf 71' lang='lat' dir='ltr'>permansit,</span> <span class='ocrx_word' id='word_1_237' title='bbox 1046 3765 1084 3827; x_wconf 88' lang='lat' dir='ltr'>et</span> <span class='ocrx_word' id='word_1_238' title='bbox 1108 3753 1250 3825; x_wconf 87' lang='lat' dir='ltr'>vocatis</span> <span class='ocrx_word' id='word_1_239' title='bbox 1274 3753 1350 3848; x_wconf 90' lang='lat' dir='ltr'>epi-</span> 
     </span>
     <span class='ocr_line' id='line_1_34' title="bbox 257 3850 1366 3948; baseline 0.005 -24"><span class='ocrx_word' id='word_1_240' title='bbox 257 3850 398 3948; x_wconf 78' lang='lat' dir='ltr'>scopiS,</span> <span class='ocrx_word' id='word_1_241' title='bbox 426 3874 559 3946; x_wconf 89' lang='lat' dir='ltr'>corpus</span> <span class='ocrx_word' id='word_1_242' title='bbox 581 3861 617 3922; x_wconf 89' lang='lat' dir='ltr'>et</span> <span class='ocrx_word' id='word_1_243' title='bbox 635 3851 853 3946; x_wconf 83' lang='lat' dir='ltr'>sanguinem</span> <span class='ocrx_word' id='word_1_244' title='bbox 871 3853 1018 3926; x_wconf 88' lang='lat' dir='ltr'>Domini</span> <span class='ocrx_word' id='word_1_245' title='bbox 1037 3865 1075 3924; x_wconf 87' lang='lat' dir='ltr'>et</span> <span class='ocrx_word' id='word_1_246' title='bbox 1100 3877 1247 3924; x_wconf 86' lang='lat' dir='ltr'>crucem</span> <span class='ocrx_word' id='word_1_247' title='bbox 1267 3877 1366 3929; x_wconf 66' lang='lat' dir='ltr'>san·x</span> 
     </span>
    </p>

    <p class='ocr_par' dir='ltr' id='par_1_11' title="bbox 258 3949 1351 4050">
     <span class='ocr_line' id='line_1_35' title="bbox 258 3949 1351 4050; baseline -0.002 -26"><span class='ocrx_word' id='word_1_248' title='bbox 258 3962 355 4024; x_wconf 87' lang='lat' dir='ltr'>ctam</span> <span class='ocrx_word' id='word_1_249' title='bbox 382 3974 465 4022; x_wconf 90' lang='lat' dir='ltr'>cum</span> <span class='ocrx_word' id='word_1_250' title='bbox 492 3949 653 4046; x_wconf 89' lang='lat' dir='ltr'>reliquiis</span> <span class='ocrx_word' id='word_1_251' title='bbox 681 3963 893 4026; x_wconf 87' lang='lat' dir='ltr'>sanctorum</span> <span class='ocrx_word' id='word_1_252' title='bbox 916 3952 1104 4050; x_wconf 88' lang='lat' dir='ltr'>apportari</span> <span class='ocrx_word' id='word_1_253' title='bbox 1122 3953 1271 4025; x_wconf 84' lang='lat' dir='ltr'>lecerat.</span> <span class='ocrx_word' id='word_1_254' title='bbox 1305 3951 1351 4023; x_wconf 85' lang='lat' dir='ltr'>Et</span> 
     </span>
    </p>
   </div>
   <div class='ocr_carea' id='block_1_5' title="bbox 258 4099 1351 4245">
    <p class='ocr_par' dir='ltr' id='par_1_12' title="bbox 258 4099 1351 4245">
     <span class='ocr_line' id='line_1_36' title="bbox 260 4099 1351 4175; baseline 0.002 -19"><span class='ocrx_word' id='word_1_255' title='bbox 260 4103 286 4172; x_wconf 88' lang='lat' dir='ltr'>l)</span> <span class='ocrx_word' id='word_1_256' title='bbox 307 4101 439 4166; x_wconf 79' lang='lat' dir='ltr'>solodori,</span> <span class='ocrx_word' id='word_1_257' title='bbox 460 4099 650 4157; x_wconf 85' lang='lat' dir='ltr'>Herimannus.</span> <span class='ocrx_word' id='word_1_258' title='bbox 759 4105 786 4175; x_wconf 82' lang='lat'>2)</span> <span class='ocrx_word' id='word_1_259' title='bbox 806 4107 899 4174; x_wconf 78' lang='lat' dir='ltr'>igitur:</span> <span class='ocrx_word' id='word_1_260' title='bbox 925 4108 984 4161; x_wconf 76' lang='lat' dir='ltr'>Pus</span> <span class='ocrx_word' id='word_1_261' title='bbox 995 4121 1089 4174; x_wconf 83' lang='lat' dir='ltr'>pacem</span> <span class='ocrx_word' id='word_1_262' title='bbox 1105 4112 1232 4174; x_wconf 73' lang='lat' dir='ltr'>poneret,</span> <span class='ocrx_word' id='word_1_263' title='bbox 1257 4109 1284 4159; x_wconf 81' lang='lat' dir='ltr'>st</span> <span class='ocrx_word' id='word_1_264' title='bbox 1299 4118 1351 4158; x_wconf 70' lang='lat' dir='ltr'>ren</span> 
     </span>
     <span class='ocr_line' id='line_1_37' title="bbox 258 4181 1235 4245; baseline 0.001 -15"><span class='ocrx_word' id='word_1_265' title='bbox 258 4191 315 4230; x_wconf 83' lang='lat' dir='ltr'>cum</span> <span class='ocrx_word' id='word_1_266' title='bbox 336 4191 446 4230; x_wconf 82' lang='lat' dir='ltr'>caesore</span> <span class='ocrx_word' id='word_1_267' title='bbox 465 4181 566 4245; x_wconf 65' lang='lat' dir='ltr'>repunt.</span> <span class='ocrx_word' id='word_1_268' title='bbox 1231 4203 1235 4211; x_wconf 87' lang='lat'>·</span> 
     </span>
    </p>
   </div>
   <div class='ocr_carea' id='block_1_6' title="bbox 0 0 1519 4884">
    <p class='ocr_par' dir='ltr' id='par_1_13' title="bbox 0 0 1519 4884">
     <span class='ocr_line' id='line_1_38' title="bbox 0 0 1519 4884; baseline 0 0"><span class='ocrx_word' id='word_1_269' title='bbox 0 0 1519 4884; x_wconf 95' lang='lat' dir='ltr'> </span> 
     </span>
    </p>
   </div>
  </div>
 </body>
</html>
