3017 4884
312 462 515 537 wreours
543 463 650 536 vna
675 461 949 536 caucanam
976 462 1064 543 rur,
1099 406 1105 420 ’
1134 485 1141 495 ·
1186 466 1230 536 71
1344 524 1347 531 ,

144 661 290 758 erigens
308 685 350 734 se
368 662 451 735 curn
469 661 631 733 lacrimis
650 661 757 732 valde
776 660 1005 757 affectuosis,
1032 664 1069 734 in
1091 661 1233 734 confes·
1254 679 1333 739 1039.

145 761 248 834 sione
275 785 367 857 pura
394 772 432 834 et
457 761 624 832 oratione
650 757 1047 856 intenta‚'sanctorum
1073 756 1332 834 commu-¹¹¹⁰·4·
1494 773 1500 782 ‘

145 861 294 935 nianem
314 885 356 933 ac
381 870 616 958 peccatorum
645 859 903 932 remissionem
925 859 1158 934 devotissime
1177 865 1234 934 ac·
1415 850 1420 865 l

145 959 304 1058 cipiens‚
330 959 554 1056 imperatrici
582 968 619 1031 et
640 957 717 1030 filio
743 959 823 1054 regi
847 959 1018 1034 Heinrico
1049 971 1134 1057 post
1161 960 1234 1032 lida

145 1059 284 1132 monita
302 1056 524 1156 valedicens,
544 1083 588 1130 ex
606 1059 677 1129 hac
694 1058 770 1130 vita
788 1057 962 1152 migravit
976 1062 1006 1132 2.
1022 1061 1116 1131 Non.
1130 1059 1234 1156 lunii,

144 1158 237 1229 feria
265 1161 301 1254 2,
319 1159 517 1230 indictione
537 1161 568 1230 7.
603 1157 752 1230 Viscera
775 1157 1008 1254 imperatoris
1034 1159 1129 1255 apud
1147 1159 1235 1230 Tra-

144 1258 279 1330 iectum
306 1259 453 1330 condita
469 1267 565 1352 sunt,
593 1267 631 1329 et
653 1280 718 1328 rex
744 1257 867 1330 locum
893 1258 1235 1354 sepulturaexdonis

144 1367 182 1429 et
206 1357 363 1454 praediis
389 1356 587 1453 ampliavit.
629 1356 822 1452 Reliquum
846 1381 981 1455 corpus
1007 1361 1052 1429 ab
1077 1357 1234 1454 impera·

143 1457 234 1529 trice
262 1467 298 1546 et
316 1457 391 1530 filio
417 1480 525 1552 rege,
555 1465 594 1526 ut
612 1455 750 1552 optime
769 1455 974 1552 excogitari
993 1466 1159 1554 poterat,
1182 1458 1235 1528 in-

143 1557 309 1631 volutum
329 1567 366 1628 et
383 1555 626 1649 reconditum,
645 1580 759 1653 usque
779 1553 1018 1652 Agrippinam
1042 1555 1235 1630 Coloniam

144 1668 309 1749 vectum7
345 1680 411 1752 per
445 1664 573 1736 cuncta
600 1655 778 1727 coenobia
809 1656 905 1727 illius
939 1655 1094 1729 civitatis
1125 1667 1235 1753 atque

144 1753 356 1850 Moguntiae
391 1751 461 1826 seu'
492 1753 740 1851 Wormatiae,
775 1755 853 1827 sive
888 1755 1034 1828 illorum
1075 1780 1166 1852 quae
1196 1755 1234 1827 in
1289 1826 1294 1839 ,

144 1855 265 1927 medio
291 1855 455 1950 fuerant,
484 1853 584 1925 omni
610 1855 745 1950 populo
770 1865 947 1949 sequente
972 1865 1009 1926 et
1027 1865 1156 1926 orante
1174 1857 1235 1926 de·

142 1963 349 2051 portatum,
377 1952 577 2025 incredibili
604 1953 770 2025 oratione
795 1963 832 2025 et
857 1953 1003 2049 magnis
1024 1952 1235 2027 elemosinis

143 2076 211 2149 pro
238 2053 491 2148 redemptione
519 2051 664 2125 animae
688 2051 816 2150 factis7
852 2053 1038 2126 tricesima
1071 2077 1141 2150 qua
1174 2058 1235 2126 ob-

143 2151 316 2225 dormivit
343 2152 401 2224 die
418 2153 456 2224 in
475 2151 582 2248 Spira
601 2150 761 2248 civitate,
782 2169 892 2259 quam
916 2153 995 2250 ipse
1019 2153 1235 2250 imperator,

143 2251 237 2326 sieut
259 2260 297 2330 et
313 2262 443 2348 postea
462 2251 577 2347 lilim,
595 2253 753 2324 multum
779 2252 1006 2348 sublimavit,¹
1031 2252 1236 2326 honorilice

144 2351 327 2446 sepultum
355 2361 420 2422 est
459 2351 562 2423 Hanc
589 2350 746 2446 gratiam
772 2351 993 2426 Chnourado
1020 2351 1235 2448 imperatori

46 2461 50 2466 '
142 2451 242 2523 Deus
261 2449 408 2546 addidit,
427 2451 610 2546 quodnon
625 2449 783 2523 vidimus
797 2475 916 2550 neque
935 2451 1139 2552 audivimus
1157 2461 1235 2524 tan·
1328 2451 1334 2455 ’

143 2561 200 2627 tas
224 2549 508 2623 lamentationes
534 2549 809 2647 universorum,
835 2560 890 2622 tot
914 2551 1119 2648 orationes,
1142 2552 1235 2624 tales

144 2649 365 2724 elemosinas
384 2649 514 2723 alicui
556 2648 821 2745 imperatorum
856 2675 1013 2747 corpore
1051 2651 1234 2746 insepulto

144 2751 272 2836 factas.
307 2749 458 2822 Etsicut
476 2748 708 2844 percepimus
726 2751 911 2820 referente
933 2750 1108 2847 episcopo
1126 2747 1235 2836 Hein-
1255 2824 1260 2835 Ι

143 2849 220 2922 rico
254 2846 482 2920 Lausanensi
513 2871 595 2918 cum
624 2848 779 2920 caeteris
805 2848 1138 2947 Burgundionibus,
1173 2849 1236 2944 qui

143 2947 244 3020 illum
260 2951 309 3020 -de
329 2947 427 3019 obitu
447 2970 560 3042 nsque
579 2948 804 3043 sepulturam
823 2949 1008 3045 prosecuti
1024 2958 1121 3046 sunt,
1141 2948 1235 3021 lilius

145 3047 305 3120 caesaris
335 3047 528 3119 Heinricus
552 3069 618 3119 rex
644 3050 689 3119 ad
716 3043 847 3120 omnes
873 3047 1042 3120 introitus
1066 3048 1235 3139 ecclesia-

142 3171 244 3240 rum,
275 3157 312 3219 et
336 3150 381 3218 ad
400 3157 607 3219 extremum
633 3149 677 3218 ad
703 3149 931 3243 sepulturam
953 3149 1129 3220 humeros
1147 3172 1234 3220 suos

143 3247 288 3344 corpori
313 3247 428 3343 patris
454 3247 718 3318 ultramodum
742 3247 872 3318 humili
889 3247 1084 3319 devotione
1102 3271 1235 3344 suppo·

76 3421 79 3428 ,
143 3349 235 3440 suit,
261 3356 298 3418 et
324 3371 398 3418 non
424 3347 545 3418 solum
572 3348 668 3440 quod
687 3344 782 3418 filius
808 3345 902 3442 patri
923 3347 960 3416 in
978 3345 1135 3419 karitate
1152 3370 1235 3442 per·

143 3449 262 3542 fecta,
298 3448 363 3517 sed
398 3447 495 3541 quod
528 3467 656 3516 servus
691 3445 840 3517 domino
865 3445 903 3516 in
937 3446 1069 3518 timore
1105 3457 1239 3517 sancto

142 3549 286 3641 debet,·
314 3545 385 3616 hoc
409 3554 529 3617 totum
556 3568 622 3616 rex
649 3542 744 3639 patri
769 3545 938 3617 defuncto
969 3544 1234 3618 studiosissime

143 3642 316 3716 exhibuit.
831 3707 833 3712 .

23 3741 33 3748 '
218 3743 320 3816 llaec
352 3742 396 3812 de
429 3740 663 3842 imperatoris
696 3743 904 3816 Chuonradi
933 3745 1046 3839 gestis
1075 3745 1234 3817 breviter

142 3843 378 3940 scripsimuS‚
406 3839 449 3912 de
475 3843 605 3939 quibus
623 3841 653 3916 si
673 3841 867 3939 quicquam
886 3843 1063 3916 intactum
1083 3843 1233 3915 omnino

143 3943 367 4038 dimisimuS‚
391 3943 462 4013 boc
479 3943 680 4015 inauditum
708 3967 791 4017 esse
816 3942 960 4016 anobis
980 3945 1158 4014 credatur.
1195 3942 1235 4015 Si
1321 3988 1325 3996 ,

143 4055 266 4116 autem
300 4038 435 4137 aliquid
470 4042 629 4114 strictius
663 4066 775 4137 quam
802 4067 926 4115 rerum
950 4040 1163 4137 magnitudo
1194 4066 1234 4115 se

144 4145 356 4215 extenderet
382 4140 517 4214 dictum
544 4151 619 4238 est,
640 4141 732 4212 'illud
758 4154 909 4238 propter
933 4141 1234 4214 commoditatem

143 4241 299 4336 legentis
318 4243 455 4315 factum
471 4265 566 4338 esse²
584 4240 766 4314 veraciter
779 4241 1045 4329 attestabimur.
1077 4241 1146 4314 Pro
1162 4267 1233 4340 quo
