3017 4884
274 405 322 478 42
441 397 645 475 WlPONlS
673 401 783 472 Vl'lA
808 399 1081 474 CHUONRADl
1108 401 1198 472 lMP.

177 601 375 674 nandium
396 598 650 694 miserationis
677 623 787 695 quam
815 598 1035 672 desiderium
1061 597 1367 692 consecrationis3
1489 633 1490 637 ¹

273 724 340 798 per
357 699 528 772 semitam
547 697 705 770 iustitiae
723 699 936 794 incedebat,
968 701 1112 794 quando
1140 695 1283 792 regium
1303 700 1368 771 ho·

274 823 404 874 norem
430 801 589 896 petebat.
629 797 775 872 Poterat
793 797 916 870 dicere
935 822 1018 870 cum
1039 796 1274 893 psalmista¹:
1301 798 1369 870 Pes
1490 844 1491 847 =

273 925 372 974 meus
388 901 482 972 stetit
499 900 535 969 in
553 899 613 969 viu
631 905 741 969 rectu.
784 898 811 968 F
813 897 960 972 irmavit
983 922 1025 970 se
1052 910 1119 993 per
1142 897 1284 991 gratiae
1302 901 1366 970 bo·

273 1025 382 1095 num,
411 998 622 1096 priusquam
651 1001 918 1070 conscenderet
946 997 1151 1070 iudicialem
1179 998 1365 1070 tbrouum.

272 1099 441 1174 Timebat
464 1096 717 1192 praecipitari³
745 1097 776 1169 si
802 1121 878 1170 oon
904 1107 1004 1170 esset
1027 1120 1164 1194 aequos
1190 1096 1227 1168 in
1245 1096 1365 1169 altitu·

243 1207 245 1216 “
273 1199 356 1272 dine
375 1197 503 1292 regali.
551 1196 649 1268 Satis
669 1207 749 1268 erat
766 1197 962 1292 laudabile,
990 1197 1087 1268 inter
1104 1221 1199 1269 nova
1218 1197 1365 1292 gaudia,

271 1300 368 1380 ¹inter
386 1295 560 1372 deliciosa
577 1297 677 1392 regis
695 1296 911 1392 ministeria7
930 1307 985 1368 tot
1006 1321 1210 1394 pauperum
1228 1297 1365 1368 clamo·
1491 1306 1492 1349 ³

273 1423 333 1472 res
353 1396 477 1470 audire
496 1405 680 1468 eteorum
706 1420 837 1469 causas
855 1396 972 1468 finire.
1013 1397 1137 1495 Noluit
1161 1396 1363 1491 negligere7
1491 1436 1492 1441 =

272 1499 368 1596 quod
394 1497 466 1570 cito
495 1495 613 1590 potuit
637 1519 780 1591 regere.
821 1496 980 1569 Rennuit
1005 1496 1181 1570 iustitiam
1199 1496 1364 1585 dilatare,

272 1597 445 1694 quoniam
475 1595 561 1667 illud
589 1604 670 1667 erat
698 1619 867 1691 regnare.
912 1595 1059 1669 Distulit
1084 1619 1190 1668 suam
1217 1595 1364 1668 benedi·

158 1762 165 1772 ,
273 1700 434 1772 ctionem
474 1703 626 1790 propter
664 1697 807 1788 regium
845 1696 1047 1790 bonorem5
1090 1695 1269 1792 scripturn
1308 1705 1365 1767 est

273 1795 412 1872 enim2:
446 1795 574 1866 Honor
591 1795 685 1887 repis
702 1795 871 1866 iudicium
891 1795 1013 1888 dilipit.

372 1896 412 1968 ln
433 1893 573 1968 cunctis
600 1897 709 1966 rebus
734 1895 784 1966 nil
803 1893 856 1966 sic
873 1896 1049 1991 prodesse
1067 1893 1216 1989 valebit,

468 1993 572 2067 Sicut
599 1993 771 2066 iudicium
789 1994 889 2090 regis
913 1997 959 2066 ad
977 1994 1150 2066 officium.

346 2095 401 2166 lta
419 2116 484 2166 rex
501 2093 538 2164 in
561 2093 693 2164 talibus
712 2095 832 2165 causis
850 2116 919 2189 pro
937 2094 1066 2188 quibos
1083 2092 1245 2164 maxime
1264 2091 1366 2184 regia

269 2194 470 2268 auotoritas
488 2192 713 2289 interpellari
732 2193 840 2289 solet7
857 2195 931 2265 'hoc
947 2204 1004 2266 est
1022 2217 1090 2289 pro
1109 2192 1363 2282 eeclesiarum,

270 2295 461 2369 viduarum
473 2338 490 2389 ‚-
504 2292 757 2390 orphanorum
775 2293 1011 2389 defensione,
1039 2295 1085 2364 ad
1112 2292 1251 2388 reliqua
1269 2289 1365 2384 regi·

271 2395 372 2468 mina
390 2393 463 2466 sibi·
477 2416 521 2464 ea
541 2393 598 2466 die
615 2393 714 2466 viam
732 2391 976 2490 praeparavit.
1042 2451 1053 2461 .

420 2547 453 2620 6.
490 2547 552 2619 De
578 2545 759 2619 itinere
793 2545 921 2642 regis
948 2570 1033 2644 per
1060 2570 1215 2642 regna.
1276 2528 1280 2537 ¹

347 2682 482 2758 Ouinia
507 2681 606 2776 regis
633 2681 786 2776 itinera,
816 2684 853 2755 et
881 2685 917 2756 in
935 2683 1065 2779 quibus
1089 2682 1179 2754 locis
1196 2704 1364 2753 summas

270 2783 488 2856 festivitates
508 2781 639 2854 natalis
659 2783 806 2854 Domini
829 2793 866 2856 et
883 2787 1044 2881 paschae
1062 2780 1251 2880 annuatim
1269 2780 1365 2852 cele-

271 2887 412 2978 braret,
441 2908 515 2954 non
542 2881 651 2954 nimis
678 2883 928 2957 necessarium
956 2907 1107 2954 narrare
1133 2881 1275 2978 putavi,
1304 2902 1365 2950 ex-

272 2993 378 3078 cepto
398 2982 546 3078 quodid
566 2982 760 3054 dicendum
780 2993 848 3077 est,
876 2983 990 3056 sicubi
1008 2984 1147 3075 fuerat,
1176 2979 1294 3079 siquid
1312 2979 1365 3050 in-

271 3083 376 3177 signe
396 3092 434 3153 et
458 3083 599 3154 clarum
619 3083 811 3154 acciderat.
845 3083 885 3155 Si
903 3084 1002 3155 enim
1025 3081 1147 3154 omnia
1166 3085 1365 3152 observare

269 3183 426 3278 vellem,
463 3190 548 3252 ante
585 3205 645 3254 me
677 3184 892 3254 desererent
917 3183 1014 3254 vires
1039 3205 1150 3277 quam
1179 3179 1362 3252 materies.

271 3285 324 3356 Ad
354 3292 459 3377 gesta
483 3281 578 3353 illius
598 3281 802 3354 clarissima
821 3282 1037 3378 qrrantocius
1055 3291 1185 3376 potero
1204 3281 1363 3373 veniam,

272 3382 308 3454 in
334 3382 464 3480 quibus
487 3390 632 3453 tantum
657 3381 798 3476 gloriae
824 3381 983 3475 eminet‚
1019 3390 1059 3452 ut
1088 3384 1133 3453 de
1163 3379 1365 3450 minoribus

270 3482 380 3555 silere
399 3481 536 3554 nemini
555 3480 618 3552 liat
633 3482 830 3576 ingratum.
863 3482 1026 3554 Collecto
1045 3480 1161 3576 regali
1176 3479 1365 3573 comitatu,

270 3606 336 3653 rex
362 3582 601 3652 Chuonradus
619 3582 780 3676 primum
797 3605 866 3676 per
891 3581 1084 3675 regionem
1113 3579 1362 3652 Ribuariorum

185 3704 258 3775 Sept.
271 3704 386 3774 usque
413 3681 457 3750 ad
476 3681 599 3750 locum
618 3680 678 3773 qui
697 3679 828 3751 dieitur
846 3679 1065 3774 Aquisgrani
1082 3679 1265 3778 ,palatium
1282 3701 1365 3775 per-

196 3779 242 3831 23·
271 3779 392 3874 venit,
420 3778 480 3851 ubi
506 3779 668 3874 publicus
695 3779 851 3852 thronus
868 3780 1003 3876 regalis
1032 3785 1077 3853 ab
1095 3779 1254 3875 antiquis
1273 3777 1368 3873 regi·
1421 3825 1428 3836 ι

272 3886 339 3954 bus
358 3889 395 3952 et
413 3904 434 3951 a
454 3879 585 3951 Carolo
605 3878 801 3977 praecipue
820 3880 973 3977 locatus7
993 3881 1106 3952 totius
1124 3881 1230 3974 regni
1249 3877 1367 3950 arcbi-

272 3982 403 4054 solium
430 3981 595 4052 habetur.
647 3979 727 4065 Quo
756 3981 910 4075 sedens,
946 3980 1255 4053 excellentissime
1287 4003 1369 4050 rem

271 4081 456 4177 publicam
476 4078 667 4174 ordinavit,
686 4078 807 4177 ibique
825 4081 971 4177 publico
991 4080 1125 4179 placito
1145 4090 1183 4153 et
1199 4078 1368 4174 generali

275 4214 298 4283 l)
318 4212 388 4267 Psal.
409 4213 452 4274 25,
476 4213 517 4266 12.
592 4213 619 4282 2)
639 4210 709 4267 Pul.
730 4212 775 4273 95,
795 4215 821 4266 7.
