3017 4884
310 411 512 486 wlrcuts
532 410 652 486 tun
674 398 949 486 CHUONRlel
975 409 1065 484 latr.
1186 413 1237 486 ὅθ
1281 407 1286 415 ‘

150 612 205 686 sui
223 610 377 682 nimium
394 609 537 682 alacres
556 608 684 682 effecti.
695 619 795 705 sunt,
807 609 1071 682 existimantes
1088 608 1239 684 iniuriat
1262 627 1340 683 taso.

151 710 327 786 suas-cito
346 711 486 782 ulturos
505 712 587 782 fore
603 709 640 780 in
659 708 843 802 hostibus5
871 718 1092 804 arreptoque
1110 709 1240 782 itinere

149 833 238 884 suos
249 810 478 884 insecutores
491 807 633 904 insequi
648 818 860 904 coeperunt.
887 807 1024 878 Eadem
1038 809 1240 882 intentione

150 911 394 1005 Manegolulus
421 931 547 981 comes
571 918 609 980 et
632 907 693 1003 qui
716 931 804 980 cum
834 909 899 986 illo
929 907 1075 980 morant
1102 910 1175 981 buc
1200 916 1242 982 et

150 1010 236 1082 illuc
255 1008 552 1106 progredientm,
579 1008 711 1080 itinera
729 1006 833 1079 ducis
857 1005 1054 1102 diligenter
1071 1010 1242 1085 observas

153 1114 251 1183 bant.
294 1110 373 1184 Hac
399 1107 591 1186 occasione
618 1106 801 1202 utrimque
815 1107 969 1183 collata·
985 1107 1035 1180 ita
1058 1108 1241 1181 coniuncti

152 1218 257 1302 sunt,
283 1217 323 1280 ut
347 1231 388 1280 se
412 1207 568 1280 invicem
587 1206 711 1278 videre
740 1215 780 1277 et
801 1205 909 1277 affari
932 1218 1094 1301 possent
1129 1209 1242 1283 Erant
1252 1220 1322 1291 Aug.

152 1319 276 1382 autern
294 1332 339 1380 ex
357 1317 461 1403 parte
475 1306 683 1402 Manegoldi
703 1307 818 1377 multo
837 1307 961 1402 plures
978 1307 1112 1381 milites
1131 1330 1240 1406 quam
1262 1296 1304 1349 ¹⁷·

150 1409 197 1480 de
215 1417 321 1504 parte
342 1406 451 1478 ducis.
803 1441 820 1462 κ
1229 1443 1236 1470 ·.

202 1507 278 1583 Nec
295 1529 420 1600 moraa
440 1504 629 1599 congressi
649 1505 861 1600 pugnabant
878 1504 1014 1577 acriter
1031 1527 1174 1597 omues¹
1200 1529 1204 1532 ·

153 1628 198 1678 ex
222 1617 327 1702 parte
354 1604 455 1678 ducis
486 1604 562 1699 ira,
592 1604 785 1677 ferocitate
795 1605 811 1700 ‚'
834 1604 1169 1700 audaciaincitati,
1197 1629 1254 1677 ex,

154 1706 269 1778 altera
297 1715 403 1802 parte
430 1725 496 1800 pro
525 1704 661 1802 gloria7
686 1727 753 1801 pro
772 1705 1069 1778 remuneratione
1087 1706 1242 1778 adducti.

153 1805 198 1876 lli
223 1805 282 1901 qui
310 1829 394 1878 cum
418 1807 509 1876 duce
541 1805 705 1899 luerant‚
740 1828 824 1876 cum
855 1805 945 1876 nihil
971 1806 1016 1875 de
1042 1804 1117 1876 vita
1145 1806 1241 1898 cogi·

152 1914 295 1999 tarent,
322 1927 451 1976 ornnes
477 1904 523 1975 ad
548 1902 734 1976 interitum
753 1908 1012 2001 properabant.
1047 1903 1128 1974 Dux
1153 1927 1253 1990 vero⁷

153 2028 237 2077 cum
264 2004 402 2076 nemini
426 2013 614 2099 parceret,
640 2005 676 2074 in
705 2005 776 2075 boc
803 2005 941 2100 praelio
961 2003 1149 2076 neminem
1175 2004 1243 2079 sibi

152 2115 369 2200 parcentem
385 2103 541 2199 invenit,
564 2119 601 2174 et
619 2127 640 2175 a
658 2103 1072 2204 plurimis'rulnerctus‚
1099 2114 1243 2199 postre-

152 2227 216 2276 mo
244 2204 457 2276 interfectus
483 2201 661 2276 occubuit.
708 2204 760 2275 lbi
787 2203 916 2274 cecidit
934 2203 1075 2275 Wezilo
1102 2225 1242 2299 comes,

153 2303 260 2376 miles
274 2303 386 2394 ducis,
402 2301 505 2374 cuius
518 2326 627 2374 causa
643 2303 735 2374 baec
749 2302 873 2374 omnia
886 2301 1122 2393 acciderunt,t
1135 2303 1243 2374 Adal-

101 2431 107 2456 ·
153 2405 278 2475 bertus
297 2412 334 2474 et
351 2401 500 2497 werin,
525 2401 667 2476 nobiles
687 2401 776 2498 viri,
804 2401 918 2474 etalii
937 2401 1041 2473 multi
1060 2400 1243 2485 interfecti

154 2511 239 2574 sunt
269 2501 327 2575 ibi.
376 2503 428 2573 Ex
459 2501 577 2572 altera
601 2509 705 2596 parte
731 2501 811 2597 ipse
839 2501 1079 2597 Manegoldus
1104 2526 1242 2600 comes„

152 2613 283 2676 auctor
300 2601 407 2675 huius
423 2601 717 2698 congressionis*7
736 2602 886 2696 cecidit,
912 2615 950 2675 et
965 2602 1170 2697 pluresalii
1188 2627 1244 2674 se·

156 2723 249 2773 cum.
286 2702 426 2798 Corpus
444 2700 589 2773 Ernusti
607 2701 715 2772 ⁴ducis
731 2701 1050 2779 ira-Constantiam
1069 2703 1243 2799 delatum,

154 2801 255 2896 prius
280 2811 430 2897 accepta
453 2799 679 2895 induigentia
706 2825 727 2872 a
752 2810 934 2895 potestate
956 2799 1157 2897 episcopali
1175 2825 1243 2898 pro

153 2900 553 2993 excommunicatione,
572 2901 609 2975 in
629 2900 785 2972 eeclesia
804 2910 955 2972 sanctae
968 2900 1107 2972 Mariae
1124 2904 1244 2998 sepul-
1293 2921 1303 2930 ·

153 3009 232 3071 tum
245 3009 317 3071 est.
345 3001 484 3097 Corpus
501 3000 707 3096 lllanegoldi
725 2999 762 3072 in
776 3001 893 3096 Augia
908 3003 1157 3074 subterratum
1176 3012 1243 3075 est.

203 3099 343 3172 Accidit
360 3100 430 3171 boc
448 3100 582 3173 bellurn
601 3123 750 3196 semper
767 3101 976 3174 miserabile
995 3102 1164 3198 multum,

159 3202 213 3274 16.
240 3199 486 3271 Kalendarum
505 3198 790 3296 Septembrium.
826 3201 905 3273 Hoc
931 3225 1013 3274 cum
1031 3202 1243 3274 nunciatum

155 3309 254 3372 esset
271 3298 505 3395 imperatori,
523 3299 639 3371 fertur
656 3299 809 3372 dixisse:

206 3398 306 3470 Raro
326 3423 435 3471 canes
453 3397 572 3471 rubidi
589 3401 771 3484 foetorum
789 3398 1081 3492 multiplicabunt.

181 3557 239 3630 29.
279 3557 545 3636 Ruodcllus
571 3580 654 3630 rex
681 3556 982 3655 Burgundiae
1010 3554 1150 3652 obiit,
1177 3529 1237 3630 et¹

373 3657 466 3729 Odo
494 3682 688 3754 regnum
716 3657 817 3730 eius
844 3655 1026 3730 invasit.

227 3792 335 3864 Anno
365 3793 511 3866 Domini
546 3795 641 3868 1032
672 3794 872 3866 Ruodolfus
905 3817 971 3866 rex
1000 3793 1344 3888 Burgundiae‚1032.

155 3893 357 3966 avunculus
376 3893 521 3968 Giselae
545 3893 811 3989 imperatricis,
837 3892 926 3966 obiit
951 3892 987 3964 iu
1006 3916 1118 3988 pace,
1145 3891 1246 3965 cuius
1256 3879 1344 3951 spuo.

154 4013 311 4086 regnum
339 4016 464 4067 comes
484 3993 563 4068 Odo
582 3993 833 4088 Francigena‚
858 3992 955 4066 lilius
980 3992 1119 4069 sororis
1145 4017 1246 4090 suae,

156 4090 307 4185 invasit,
328 4101 365 4164 et
382 4094 561 4189 quaedam
582 4103 701 4164 castra
722 4091 966 4165 munitissima
984 4091 1062 4166 sive
1080 4092 1247 4166 civitates

157 4213 220 4262 seu
246 4193 330 4264 dolo
354 4216 419 4266 seu
446 4192 542 4266 bello
568 4201 737 4288 ceperat:
765 4217 834 4265 nec
857 4215 897 4265 se
916 4215 1044 4288 regem
1063 4208 1172 4267 ausus
1190 4203 1247 4266 est
