3017 4884
304 459 504 534 wlronls
531 459 638 532 VlTrl
665 447 939 532 ufluouaaul
966 456 1061 533 lMP.'
1088 537 1093 542 ,
1178 462 1226 534 33

136 659 251 755 ceptis
266 660 318 730 de
324 656 555 753 principibus
562 654 795 751 Burgundiae
812 655 937 728 multis
955 655 1152 753 obsidibus,
1171 680 1226 730 ιιι·
1247 678 1325 732 atat⁶

137 760 202 832 diit
218 781 298 862 per
295 757 482 834 Alsatiam
493 755 547 826 ad
565 755 848 867 imperatricem.
884 756 977 829 Nam
996 756 1198 843 dumille
1188 775 1227 829 ιιι

135 843 386 954 Burgundiam
405 865 602 953 pergeret
614 853 830 954 imperatrix
847 865 971 927 secuta
990 865 1149 928 osteum
1167 880 1227 936 us·

136 983 207 1054 que
222 958 413 1031 basileam.
445 956 533 1029 lude
548 976 697 1030 reuersa
708 956 758 1026 ad
769 954 1010 1049 Argentinam
1026 953 1227 1051 civitatem

12 1057 14 1062 ’
136 1056 341 1152 expectavit
358 1055 450 1130 redit
436 1065 513 1128 tum
531 1053 776 1152 imperatoris
810 1055 864 1125 Eo
875 1064 1050 1166 tempore
1068 1052 1169 1129 lilia
1159 1079 1226 1130 rm·

134 1155 317 1254 paraturis
348 1156 558 1231 Clruomadi
587 1165 624 1228 et
654 1154 799 1230 Giselae
816 1153 1092 1269 imperatricis,
1123 1154 1227 1225 blah-

135 1257 275 1352 milda,
276 1254 410 1328 nimiae
426 1253 668 1329 formositatis
683 1247 826 1349 puella,
836 1252 1007 1325 Heinrico
1025 1277 1104 1348 regi
1097 1253 1226 1324 Fran-

135 1379 268 1429 corum
311 1345 559 1450 desponsata,
598 1353 688 1430 obiit
722 1353 965 1447 wormatiae,
1008 1351 1139 1501 ibique
1169 1376 1226 1425 se·

135 1457 234 1550 pulta
255 1464 321 1528 est.
393 1461 395 1468 ’

187 1613 244 1684 33
294 1597 421 1696 Quod
449 1631 530 1714 rex
556 1599 812 1679 Heinricus
839 1591 1039 1681 Sclavos
1066 1603 1179 1679 sub·

582 1707 775 1816 iugavit
837 1784 839 1791 ι

208 1821 354 1927 Interea
378 1843 470 1913 dum
490 1843 582 1914 baec
602 1865 695 1936 quae
713 1841 880 1937 superius
898 1840 992 1913 dicta
1010 1851 1096 1920 sunt
1111 1841 1228 1936 impe·

136 1945 237 2026 rator
254 1943 291 2012 in
309 1940 383 2012 Bm
385 1941 520 2034 gandia
538 1941 637 2014 facer
639 1951 697 2038 et
719 1941 814 2014 lilius
832 1965 920 2014 suus
938 1940 1129 2015 Heinricus
1147 1963 1226 2052 rex,

136 2043 221 2114 licet
206 2041 282 2112 tin
307 2024 536 2135 puerilibus
534 2041 659 2136 annis,
696 2064 770 2111 non
798 2041 948 2135 segnius
978 2039 1227 2135 reipublicae

136 2137 317 2220 corrsrdui't
343 2139 380 2209 in
398 2139 576 2212 Bohemia
600 2148 639 2210 et
657 2139 692 2210 in
721 2139 879 2212 caeteris
896 2139 1108 2233 regionibus
1124 2139 1225 2212 Scla-

135 2259 285 2331 voru1n3
311 2239 371 2310 ubi
396 2250 433 2312 et
450 2239 684 2314 Uodalricum
710 2241 840 2310 ducem
858 2238 1059 2311 Bohemiae
1083 2248 1120 2323 et
1142 2240 1226 2312 reli·

136 2364 229 2454 quas
255 2362 364 2434 quam
391 2338 514 2432 plures
540 2337 680 2450 caesari
705 2341 943 2411 adversantes
970 2348 1119 2410 strenue
1145 2343 1227 2419 sub-

135 2438 284 2534 ἱιιιιιιιιι
299 2446 337 2508 et
348 2437 592 2514 redeuntit
530 2446 592 2532 pat
594 2438 622 2508 ri
638 2461 849 2533 occurrens
867 2439 912 2508 de
926 2437 1058 2533 duplici
1073 2437 1227 2511 victoria

136 2539 267 2652 duplex
301 2537 475 2632 gaudium
509 2537 652 2634 populis
677 2537 862 2648 effecerat.
898 2536 1038 2610 Deinde
1064 2536 1227 2620 collectis

137 2639 250 2750 copiis
278 2639 322 2710 de
349 2636 507 2708 saxonia
518 2660 680 2732 super
701 2636 849 2732 eosqui
878 2636 1004 2709 Liutizi
1035 2647 1227 2732 vocantur⁷

137 2739 269 2848 quique
294 2735 381 2816 olim
400 2692 682 2808 semiclrrlstiani
701 2759 799 2808 nunc
818 2759 884 2830 per
902 2736 1142 2846 apostaticam
1161 2759 1226 2808 ne·

137 2837 288 2932 quitiam
308 2835 458 2904 omnino
477 2843 562 2906 sunt
579 2833 726 2928 pagani
749 2834 952 2928 imperator
969 2834 1069 2905 venit
1076 2834 1226 2930 ibique

135 2935 344 3014 conllictum
370 2932 650 3044 implacabilem
675 2933 890 3017 mirabiliter
920 2933 1076 3006 diremit
1126 2935 1228 3009 lntor.

135 3035 300 3124 Saxones
319 3032 417 3103 enim
435 3042 473 3106 et
491 3057 656 3128 paganos
678 3034 816 3107 fiebant
832 3041 880 3106 ea'
895 3043 1093 3129 tempestat
1095 3056 1131 3104 e
1079 3035 1229 3106 tmul

134 3145 205 3208 tae.
207 3119 468 3220 dissensiones
491 3143 528 3204 et
551 3131 794 3217 incursiones.
828 3134 997 3229 Cumque
1019 3157 1147 3220 caesa-n
1162 3155 1226 3207 ve·

18 3258 20 3266 ·
134 3235 249 3325 niret
275 3232 616 3328 coepitquaerero,
644 3244 1019 3328 ιιιιιιιριιιιιριιι,
1047 3233 1252 3328 quaudiu

12 3413 13 3418 ι
134 3286 334 3414 inviolata
325 3344 420 3404 iuter
434 3355 499 3403 eos
513 3333 632 3406 fuerat
635 3331 760 3427 prius
777 3343 1085 3443 corrumperetur
1119 3331 1225 3406 Dice

134 3437 222 3516 bant
247 3431 399 3524 pagani
426 3430 671 3505 aSaxonibus
695 3454 826 3543 pacem
851 3430 1020 3527 primitus
1038 3429 1227 3527 confunda

12 3609 14 3614 ,
134 3533 242 3626 idque
269 3552 336 3624 per
363 3528 599 3626 duellum,
571 3553 606 3600 s1
627 3553 756 3612 caesar
780 3530 1040 3627 praeciperet,
1056 3533 1225 3642 probare

12 3623 14 3646 '
133 3630 164 3700 E
195 3639 326 3712 corrtra
354 3629 588 3712 Saxonesad
613 3631 836 3709 refellendos
861 3654 1027 3727 paganos
1051 3629 1226 3714 similiter

12 3739 14 3820 ι
134 3728 322 3824 singulare
340 3736 556 3840 certamen,
591 3731 759 3825 quamvis
783 3731 916 3804 iniuste
946 3729 1237 3844 contenderept'

133 3827 347 3925 imperatori
360 3830 602 3924 spondebant
624 3832 830 3927 Imperator
842 3831 1114 3906 consulentibus
1125 3855 1224 3926 prm

135 3929 274 4024 cipibus
299 3927 395 4018 suis
422 3928 509 4000 licet
532 3954 606 4002 non
625 3932 714 4004 satis
730 3941 840 4004 caute
859 3939 1004 4026 ageret
1031 3930 1126 4005 hauc
1143 3953 1224 4004 rem

12 4043 14 4114 ξ
134 4029 253 4113 duello
280 4025 465 4100 diiudicari
491 4028 670 4112 intereos
679 4031 868 4124 permisit.
904 4027 1037 4104 Statim
1062 4029 1134 4105 duo
1156 4055 1228 4127 pu

12 4129 14 4202 l
129 4128 225 4240 giles
253 4127 440 4241 congressi
465 4138 574 4224 sunt
608 4139 762 4225 uterque
792 4130 911 4208 asuis
937 4129 1085 4202 electus.
1122 4129 1226 4205 Chri

12 4205 14 4334 l
131 4227 272 4312 stianus
290 4228 327 4302 in
346 4228 424 4302 sola
442 4226 532 4324 fide,
553 4253 648 4323 quae
664 4229 744 4302 sine
759 4230 931 4324 operibus
947 4227 1106 4302 iustitiae
1123 4253 1221 4302 mor-

12 4335 15 4382 ι
851 4330 855 4339 .

12 4385 14 4438 ι
