3017 4884
311 469 511 546 ursonis
529 471 648 544 ‚vnn
675 443 951 546 ouuoussni
977 474 1068 549 rur.
1188 477 1236 579 as
1341 418 1345 435 ¹

143 669 259 745 dicere
284 667 375 742 volo.
412 668 452 742 Si
479 670 639 743 animum
653 669 779 762 populi
801 693 1003 764 coqnooero
1022 677 1055 744 te
1073 672 1177 766 aede,
1201 679 1235 744 te
1255 696 1336 756 rost.

87 815 89 819 ·
144 769 351 843 desiderare
368 770 404 841 in
423 768 603 842 dominum
630 775 664 838 et
687 792 824 863 repom,
848 770 945 842 nullo
960 795 1079 864 provo
1096 775 1237 866 inpendo

142 869 238 940 bunc
262 867 541 939 benevolentium
560 891 584 938 o
602 873 635 940 te
653 869 852 962 revocabo,
877 873 959 964 quio
981 875 1103 964 potius
1128 880 1161 944 tc
1179 873 1237 944 eli-

142 993 228 1063 qom
255 973 356 1038 tanto
385 967 525 1040 ovidius
549 970 718 1060 coeteris,
748 975 884 1063 quanto
911 994 966 1042 me
990 971 1145 1064 sperabo
1173 974 1237 1042 tibi

141 1070 340 1163 qratiorem
358 1065 435 1138 illis.
483 1065 523 1138 st
542 1073 660 1140 autem
677 1067 776 1138 Deus
793 1068 845 1140 od
862 1093 918 1140 mc
936 1073 1147 1164 respexerit,
1176 1071 1235 1143 des

142 1169 254 1240 bitom
280 1169 389 1238 vicem
409 1165 493 1238 milti
510 1189 535 1236 o
561 1171 594 1236 te
611 1167 758 1260 rependi
781 1191 853 1241 non
874 1168 1009 1242 dubito.

217 1267 272 1337 Ad
300 1265 393 1337 haec
417 1264 538 1338 iunior
571 1266 723 1338 Chuono
750 1268 961 1365 respondit,
995 1278 1112 1342 totum
1139 1270 1256 1342 hanc·

142 1364 364 1438 sententiam
393 1363 461 1437 sibi
480 1375 671 1460 acceptam
699 1366 801 1461 lore3
829 1391 942 1462 seque
963 1367 1015 1440 illi
1040 1369 1146 1441 sicuti
1175 1393 1235 1442 co·

142 1475 254 1560 gnato
273 1463 482 1560 karissimo,
501 1463 531 1536 si
550 1487 635 1536 eum
652 1489 713 1537 res
732 1489 877 1539 summa
895 1477 1058 1565 vocaret,
1083 1493 1234 1541 omnem

142 1565 284 1658 regiam
317 1563 532 1636 fidelitatem
577 1565 780 1662 facturum,
817 1566 1020 1639 certissime
1053 1569 1233 1664 promisit.

142 1664 242 1736 Inter
263 1665 356 1736 haec
375 1666 487 1745 verba
509 1663 628 1736 maior
646 1665 813 1762 (buono,
837 1667 1000 1763 pluribus
1013 1665 1232 1764 videntibus,
1350 1688 1352 1692 ’

142 1763 329 1861 paululum
348 1789 389 1836 se
411 1765 597 1856 acclinans
623 1774 823 1860 cognatum
849 1769 1035 1839 osculatus
1059 1777 1134 1862 est3
1161 1793 1233 1864 quo

126 1865 267 1940 osculo
295 1865 453 1960 primum
478 1866 848 1961 reprehensores,
872 1875 1066 1961 utrumque
1085 1867 1234 1949 illorum

142 1962 248 2036 alteri
274 1963 509 2058 acquievisse.
558 1963 652 2039 Hinc
678 1973 826 2060 sumpto
853 1963 987 2037 indicio
1015 1967 1234 2044 concordiae

142 2064 344 2135 consedere
358 2062 555 2159 principes,
571 2065 726 2160 populus
742 2065 1060 2161 frequentissimus
1073 2071 1232 2140 astabat:

191 2163 293 2236 Tunc
303 2165 407 2258 *quod
426 2163 579 2259 quisque
597 2163 657 2237 diu
674 2164 836 2238 velatum
855 2167 967 2237 corde
985 2169 1147 2261 tegebat,

191 2264 302 2334 Ferre
322 2265 445 2358 palam
463 2262 602 2337 licitum
622 2266 805 2358 gaudebat
825 2272 971 2361 tempus
989 2269 1132 2340 adesse.

155 2384 159 2401 ¹
215 2363 522 2458 Archiepisoopus
564 2362 877 2458 moguntinensis,
914 2364 1015 2436 cuius
1050 2363 1235 2438 sententia

142 2471 228 2533 ante
247 2461 337 2534 alios
356 2462 567 2558 accipienda
585 2462 670 2558 luit7
699 2472 851 2558 rogatus
869 2488 890 2534 a
908 2465 1044 2559 populo
1061 2465 1146 2560 quid
1164 2463 1232 2537 sibi

26 2588 28 2593 ’
140 2563 346 2658 videretur,
375 2561 573 2634 abundanti
600 2565 732 2659 cordea
762 2561 868 2634 hilari
894 2588 986 2636 voce
1009 2565 1171 2637 laudavit
1196 2573 1234 2638 et
1349 2594 1353 2600 ·

141 2661 253 2757 clegit
270 2661 420 2735 maioris
448 2663 577 2734 aetatis
597 2663 839 2735 Chuononem
862 2687 968 2734 suum
987 2663 1024 2736 in
1043 2665 1232 2736 dominum

1 2829 2 2832 ,
141 2770 179 2832 et
217 2785 347 2858 regem
388 2771 497 2856 atque
532 2771 716 2834 rectorem
748 2771 786 2832 et
815 2763 1049 2835 defensorem
1080 2762 1233 2858 patriae.

67 2934 70 2940 ,
146 2861 251 2934 Hanc
272 2861 493 2935 sententiam
518 2861 653 2932 caeteri
672 2860 937 2957 archiepiscopi
964 2871 1001 2934 st
1025 2862 1155 2958 reliqui
1173 2887 1231 2934 sa·

141 2961 289 3034 crorum
304 2961 473 3033 ordinum
493 2959 558 3032 viri
572 2959 820 3034 indubitanter
836 2964 1090 3058 sequebantur.
1108 2961 1233 3046 lunior

141 3061 307 3156 Chuon'o‚
327 3061 514 3157 paululum
533 3085 617 3162 curn
631 3061 879 3157 Liutharingis
894 3062 1087 3158 placitans,
1105 3061 1231 3136 statim

141 3183 323 3256 reversae,
342 3160 503 3234 maximo
517 3161 644 3234 favore
658 3161 760 3233 illum
779 3164 824 3235 ad
843 3162 1033 3235 dominum
1048 3173 1086 3234 et
1103 3185 1232 3256 regern

140 3260 272 3357 elegit3
304 3285 416 3356 quem
442 3286 507 3336 rex
539 3287 651 3334 mann
682 3263 983 3357 apprehendens,
1017 3261 1230 3347 fecitillum

140 3363 341 3434 consedere
367 3360 444 3434 sibi.
479 3363 581 3433 Tune
606 3361 740 3456 singuli
765 3362 812 3433 de
837 3361 990 3456 singulis
1018 3361 1143 3455 regnis
1171 3383 1231 3434 eas

141 3463 225 3533 dem
249 3465 363 3534 verba
390 3459 580 3532 electionis
597 3458 815 3555 saepissime
834 3463 1068 3556 repetebant:
1093 3459 1136 3532 fit
1161 3459 1233 3531 cla-

140 3584 223 3632 mor
250 3559 395 3656 populi,
428 3581 558 3632 omnes
591 3557 814 3638 unanimiter
850 3559 888 3632 in
922 3559 1021 3652 regis
1051 3558 1233 3633 electione
1267 3601 1272 3610 .

140 3659 364 3758 principibus
383 3659 682 3754 consentiebant,
710 3682 840 3732 omncs
862 3659 1043 3734 maiorem
1064 3659 1233 3733 Cbuono·

140 3783 227 3832 nem
247 3759 521 3853 desiderabant3
540 3760 577 3832 in
594 3760 658 3832 illo
676 3759 935 3857 persistebant7
953 3759 1074 3858 ipsum
1093 3760 1233 3835 cunctis

141 3858 412 3933 dominantibus
438 3859 526 3932 nihil
552 3861 767 3934 haesitando
790 3870 1103 3955 praeposuerunt„
1132 3883 1233 3930 eum-

142 3962 297 4056 demque
324 3959 439 4055 regali
467 3960 631 4056 potentia
656 3959 911 4055 dignissimum
939 3957 1168 4055 iudicabant7
1196 3967 1233 4030 et

140 4070 180 4134 ut
206 4059 304 4138 nulla
322 4083 428 4132 mora
447 4059 735 4134 consecrationis
752 4059 848 4132 illius
864 4057 972 4133 fieret
987 4059 1232 4154 postulabant.

140 4158 355 4256 Supradicta
382 4158 595 4257 imperatrix
620 4159 871 4254 Chunegunda
896 4158 1036 4254 regalia
1060 4157 1232 4253 insignia,

141 4283 235 4356 quae
262 4259 329 4332 sibi
354 4261 557 4356 imperator
581 4259 773 4331 Heinricus
798 4258 1234 4356 1=eliquerat,gratanter

886 4359 934 4430 31
