3017 4884
276 477 324 549 36
442 471 645 545 WIPONlS
677 469 785 544 VITA
813 458 1087 543 CHUONRADI
1114 469 1205 542 ΙΜΡ.

175 699 255 754 1024.
277 671 424 770 obtulit
466 681 503 742 et
541 672 585 742 ad
622 670 873 764 regnandum,
908 679 1086 782 quantum
1121 665 1228 740 buius
1261 675 1370 742 sexus

275 771 501 846 auctoritatis
528 779 603 865 est
639 769 742 840 illum
770 767 1033 841 corroboravit.
1077 769 1197 840 Credo
1223 767 1368 862 quidem

275 874 359 945 huic
384 869 553 946 electioni
571 867 785 942 caelestium
812 869 988 940 virtutum
1015 869 1181 940 favorem
1206 891 1281 938 non
1307 871 1369 939 de·

275 995 376 1068 esse7
412 995 494 1044 cum
513 970 609 1041 inter
627 967 823 1081 singularis
850 967 1038 1063 potentiae
1061 966 1162 1038 viros
1183 977 1240 1037 tot
1256 968 1369 1041 duces

275 1082 312 1143 et
334 1071 568 1145 marchiones
597 1069 770 1164 absque
760 1093 798 1139 m
828 1069 923 1139 vidia
952 1067 1032 1139 sine
1058 1068 1310 1139 controversia
1337 1068 1368 1139 is

274 1171 494 1284 eligeretur
523 1168 583 1266 qui
608 1168 693 1240 licet
715 1191 854 1263 genere
872 1177 910 1238 et
935 1167 1070 1238 virtute
1088 1177 1196 1262 atque
1222 1168 1258 1238 in
1285 1187 1392 1264 pro·x

274 1270 363 1366 priis
391 1269 496 1342 bonis
523 1267 670 1340 nemine
697 1277 797 1340 esset.
815 1266 986 1363 inferior,
1012 1277 1139 1338 tamen
1164 1268 1209 1337 de
1235 1290 1277 1337 re
1302 1292 1367 1364 pu·

275 1371 369 1442 blica
389 1372 433 1440 ad
453 1367 767 1464 comparationem
787 1367 914 1438 talium
928 1367 1091 1438 virorum
1110 1389 1240 1462 parum
1259 1369 1368 1438 bene-

274 1469 346 1540 ficii
365 1479 402 1540 et
427 1467 619 1564 potestatis
644 1468 779 1539 habuit.
816 1467 1047 1561 Quamquam
1072 1465 1368 1563 archiepiscopus
1454 1468 1459 1480 ¹

275 1567 505 1640 Coloniensis
535 1576 572 1638 et
596 1567 667 1637 dux
704 1565 909 1638 Fridericus
933 1591 1016 1636 cum
1044 1565 1123 1636 aliis
1150 1566 1368 1660 quibusdam

275 1667 541 1762 Liutharingis³
573 1690 682 1738 causa
700 1665 851 1737 iunioris
870 1665 1081 1736 Cbuononis
1107 1675 1147 1734 ut
1164 1666 1263 1737 fama
1287 1666 1366 1761 luit7

274 1766 389 1839 immo
408 1768 516 1838 hoste
534 1765 635 1862 pacis
655 1765 800 1839 diabolo
818 1766 1036 1860 instigante,
1060 1765 1235 1861 impacati
1251 1764 1367 1837 disce-

275 1868 424 1938 derent:
445 1866 504 1962 qui
519 1876 645 1938 tamen
661 1866 733 1936 cito
747 1865 887 1943 reversi
901 1868 947 1936 ad
962 1865 1119 1960 gratiam
1129 1865 1245 1961 ‘regis
1260 1889 1368 1962 prae·

273 1977 331 2038 ter
356 1987 421 2037 eos
445 1989 538 2061 quos
556 1965 763 2038 communis
782 1965 941 2037 conditio
970 1965 1367 2061 mortispraeoccupa·

274 2067 346 2162 vit,
376 2064 543 2161 quicquid
571 2065 649 2162 ipse
677 2075 936 2160 praeceperat,
962 2075 1153 2160 gratanter
1171 2087 1366 2162 accepere3

275 2175 312 2236 et
336 2164 632 2261 archiepiscopus
652 2165 875 2261 Pilegrinus,
902 2165 1003 2260 quasi
1023 2187 1090 2260 pro
1109 2165 1366 2236 emendatione

273 2265 405 2363 prioris
429 2264 572 2361 culpae,
591 2265 813 2359 impetrabat
839 2289 860 2336 a
884 2288 995 2360 rege,
1023 2275 1062 2336 ut
1088 2265 1155 2336 sibi
1177 2264 1306 2336 liceret
1328 2265 1365 2336 in

274 2364 431 2438 ecclesia
459 2363 668 2436 Coloniensi
696 2365 864 2459 reginam
892 2387 1121 2436 consecrare.
1167 2365 1221 2436 De
1240 2389 1312 2461 qua
1329 2368 1365 2435 in

275 2466 510 2559 sequentibus
529 2463 709 2558 dicturus,
729 2488 826 2535 nunc
845 2465 888 2534 ad
907 2487 1035 2558 regem
1062 2474 1238 2537 revertar.
1274 2467 1366 2536 Vere

158 2583 163 2591 ’
274 2563 340 2634 Dei
369 2572 457 2634 nutu
485 2564 622 2634 electus
648 2573 723 2659 est,
756 2563 793 2632 in
818 2587 889 2658 quo
914 2563 993 2660 ipse
1017 2564 1177 2659 providit
1203 2564 1366 2637 testimo·

275 2663 395 2777 nium7
427 2665 524 2758 quod
552 2673 680 2758 postea
703 2685 780 2734 rex·
796 2663 937 2758 accepit
964 2667 1008 2736 ab
1027 2664 1246 2737 hominibus.
1280 2665 1368 2736 Erat

274 2763 372 2836 enim
391 2763 446 2835 vir
460 2783 618 2858 magnae
638 2761 864 2858 humilitatis,
878 2765 1057 2876 providus
1072 2754 1236 2859 consilio,
1255 2789 1367 2836 verax

273 2861 442 2959 indictis
452 2873 650 2935 strennuus
662 2862 825 2958 infectis
837 2887 1028 2936 minimum
1042 2889 1186 2937 avarus
1203 2864 1364 2937 omnium

274 2985 405 3057 regum
439 2962 476 3032 in
504 2964 623 3033 dando
658 2961 958 3074 liberalissimusJ
995 2964 1039 3034 de
1069 2965 1172 3036 cuius
1203 2966 1367 3038 moribus

273 3063 510 3159 postmodum
530 3061 673 3158 plenius
692 3059 829 3134 dixero
856 3063 946 3159 lllud
960 3073 1085 3136 tamen
1104 3065 1163 3137 bic
1174 3065 1366 3137 dicendum

276 3171 352 3256 est⁷
389 3163 483 3256 quod
512 3185 744 3259 nequaquam
772 3161 890 3258 potuit
913 3185 1107 3235 remanere
1141 3174 1180 3235 ut
1203 3165 1265 3236 ille
1292 3189 1365 3236 non

275 3259 380 3333 fieret
405 3262 597 3358 princeps
627 3272 664 3332 et
682 3263 884 3374 maximps,
913 3264 969 3334 cui
996 3263 1239 3336 maximarum
1257 3265 1369 3336 virtu-

275 3371 353 3433 tum
373 3361 478 3455 vigor
495 3362 623 3434 inerat.
660 3361 750 3434 Cum
771 3361 869 3434 enim
893 3363 1070 3476 scriptum
1089 3363 1176 3436 sit1:
1205 3365 1367 3437 Gloriam

274 3460 459 3556 praecedit
482 3461 622 3534 uomitu
607 3469 682 3575 tua,
714 3462 846 3535 merito
877 3463 1080 3561 praecessit
1109 3463 1216 3537 huius
1240 3465 1369 3536 mundi

277 3560 472 3658 gloriosos,
492 3561 549 3632 oui
567 3562 696 3656 regina
707 3561 900 3635 virtutum
906 3564 1139 3636 adhaerebat
1166 3563 1280 3660 lgitur
1294 3589 1367 3636 non

277 3668 358 3730 erat
382 3659 438 3730 fas
457 3659 588 3730 alicui
579 3683 616 3730 rn
634 3672 733 3733 terra
752 3663 910 3734 militare
919 3686 1064 3759 quern
1083 3665 1182 3736 Deus
1200 3665 1369 3762 omnipo·

276 3768 359 3830 tens
377 3757 663 3856 praedestinavit
686 3761 884 3833 omnibus
874 3785 1067 3858 imperare

481 3934 514 4004 3.
551 3932 611 4004 De
639 3933 999 4008 consecratione
1026 3936 1166 4032 regis

352 4064 503 4142 Peracta
529 4065 731 4146 electione
724 4093 896 4165 regern
921 4073 1023 4186 sequi
1049 4073 1298 4170 Moguntiam‚
1330 4084 1375 4146 ut

201 4248 204 4255 ¹
276 4165 325 4242 ibi
343 4164 631 4242 sacratissimam
650 4149 862 4244 unctionem
880 4173 1084 4270 acciperet
1105 4198 1186 4246 cum
1205 4172 1375 4248 maxima

280 4280 304 4352 1)
322 4277 403 4337 Pron.
425 4281 467 4346 15,
487 4281 532 4337 33.
737 4284 742 4292 ’
814 4299 821 4310 ·
