3017 4884
294 464 497 541 wrrours
526 463 633 539 ιιιι
661 463 937 540 cuuoumur
961 463 1050 536 rur.
1171 467 1216 537 ιι
1359 432 1361 439 ’

126 677 184 738 tas
202 668 442 780 conferebat,
462 687 584 760 neque
607 663 699 746 idm
728 677 878 736 vanum.
912 663 1006 734 Nom
1024 662 1219 776 prouideri
1239 678 1319 732 toea.

126 766 199 838 tiele
225 777 303 864 est
336 765 489 839 interius
525 787 748 860 praeparare
781 787 852 858 quo
876 762 965 834 loris
989 761 1154 876 indiges
1181 772 1220 834 et
1281 813 1286 818 ·

126 866 319 938 eonsilium
357 876 444 936 ante
480 883 574 960 opus
606 887 735 935 semen
771 872 837 934 est
854 863 1041 958 sequentis
1067 819 1217 934 fruulus.
1292 929 1296 935 .

125 966 273 1038 Frustra
292 964 391 1038 enim
411 967 456 1036 ob
474 965 596 1034 altere
610 962 785 1034 auxilium
803 971 997 1058 expectas
1019 963 1050 1033 si
1068 961 1219 1056 ignoras

125 1066 211 1162 quid
238 1065 434 1137 desideres.
477 1063 517 1135 ln
550 1066 661 1135 rebus
688 1061 810 1134 arduis
836 1071 981 1135 secreto
1012 1061 1218 1173 consulere,

124 1164 304 1264 paulatim
323 1164 539 1259 deliberare,
557 1163 745 1235 velociter
752 1163 897 1257 facere
923 1164 1062 1249 ιιιιιιιιιιι
1079 1155 1218 1233 exitum

125 1265 285 1337 habebit
321 1265 484 1335 Tandem
504 1261 671 1336 condicta
690 1273 748 1335 est
765 1261 841 1334 (lies
865 1269 1086 1357 notatusque
1102 1261 1218 1357 locus,

124 1363 180 1436 fit
174 1363 349 1478 publicus
369 1371 589 1456 convontus,
609 1363 756 1458 qualern
775 1383 836 1434 me
854 1361 989 1434 vidisse
1016 1371 1126 1433 antea
1143 1386 1218 1433 nou

126 1463 290 1536 memini
349 1464 390 1534 ln
419 1485 489 1559 que
521 1472 705 1534 conventu
729 1462 814 1558 quid
839 1470 962 1535 actum
988 1461 1035 1533 sit
1066 1460 1217 1607 dignum

127 1562 320 1635 memoria
348 1561 511 1636 scribere
529 1585 604 1632 non
622 1563 802 1635 differam

388 1725 422 1800 2.
461 1719 525 1796 De
553 1719 788 1799 electione
815 1719 954 1819 regis.

226 1859 326 1930 luter
342 1857 555 1953 Mogentiae
573 1856 733 1930 confinia
746 1867 786 1929 et
797 1855 1024 1930 Wormatiae
1041 1856 1146 1929 loeus
1161 1867 1220 1930 est

4 1993 13 2042 ‘.
125 1957 385 2054 amplitudine,v
421 1957 584 2053 plenitiei
611 1981 742 2053 cauea,
771 1955 1014 2029 multitudinis
1033 1956 1219 2046 maximae

126 2057 369 2153 receptibilis,
398 2080 446 2128 ex·
474 2056 676 2130 insularum
708 2080 858 2130 recessu
888 2059 934 2129 ad
965 2067 1129 2130 secretas
1157 2081 1218 2130 res

125 2158 339 2230 tractandos
355 2165 454 2228 tutus
478 2167 516 2229 et
542 2156 693 2249 habilis·
720 2160 786 2229 sed
812 2159 858 2230 de
881 2157 1064 2229 vocabulo
1084 2167 1122 2228 et
1146 2157 1221 2230 situ
1264 2185 1267 2190 ·

125 2256 197 2328 luci
216 2257 359 2354 plenius
383 2256 506 2328 dicere
523 2257 765 2353 topographis
788 2257 977 2369 relinquo,
1004 2279 1078 2351 ego
1094 2267 1217 2330 autem

126 2359 172 2428 ed
191 2355 378 2452 incepttuu
396 2359 519 2428 redeo
554 2356 609 2428 lbi
625 2358 711 2429 ιιιιιιι
722 2356 991 2428 convenissent
1009 2355 1129 2429 cuncti
1146 2356 1218 2453 pri-

125 2465 281 2551 metes,
290 2465 327 2527 et
353 2466 393 2528 ut
409 2455 459 2528 ita
478 2456 595 2528 dicam
622 2455 719 2528 vires
738 2467 777 2528 et
792 2456 934 2529 viscera
953 2457 1080 2552 regni
1110 2456 1162 2528 eis
1180 2467 1220 2529 et

125 2557 220 2630 cirea
239 2556 407 2629 Rhenum
436 2565 556 2630 cestra
573 2557 756 2629 lucebant.
801 2556 872 2644 Qui
899 2557 984 2629 dum
1012 2511 1219 2631 Galliama

126 2656 325 2730 Germania
344 2655 503 2754 dirimat
523 2677 569 2727 ex
586 2667 691 2752 parte
707 2656 929 2730 Germaniae
947 2658 1115 2730 Saxones
1133 2679 1218 2730 cum

126 2756 193 2829 sihi
220 2755 469 2829 adiacentibus
492 2755 654 2852 Sclavis,
679 2756 809 2829 Franci
836 2755 1056 2851 orientales
1081 2755 1217 2854 Norici,

125 2857 320 2932 Alanmnni
335 2877 552 2926 convenere.
588 2855 642 2926 lle
655 2855 774 2928 Gellia
785 2879 877 2928 reru
888 2855 1019 2928 Franci
1032 2879 1093 2950 qur
1106 2878 1218 2952 supra

126 2957 295 3030 Rhenum
314 2954 509 3049 habitant,
531 2954 717 3051 ιιιιιιιιιιι,
743 2955 995 3051 liutharingi,
1024 2956 1217 3028 coadunati

125 3064 220 3128 suut.
256 3053 451 3141 Quaeritur
469 3056 515 3127 de
533 3078 573 3126 re
591 3079 750 3154 summa,
770 3056 955 3130 dubitatur
972 3057 1019 3128 de
1036 3055 1218 3129 electione

125 3156 282 3249 intuerteg
310 3154 411 3226 inter,
424 3179 530 3252 spem
548 3165 588 3228 et
604 3165 751 3228 metum
771 3156 940 3253 suspensi
960 3157 1102 3229 alterna
1124 3155 1217 3230 desi·

124 3255 226 3327 deria
254 3279 337 3327 eum
363 3255 524 3327 invicem
542 3256 710 3352 cognati,
736 3266 814 3328 tum
841 3256 937 3328 inter
954 3278 997 3328 se
1014 3254 1218 3328 familiares

124 3354 326 3428 diutissime
350 3355 601 3452 explorabant.
644 3356 770 3450 Neque
793 3356 892 3428 enirn
917 3358 965 3427 de
981 3354 1158 3427 mediocri
1175 3377 1217 3428 re

125 3453 390 3528 consulendum
421 3455 559 3548 luerat,
595 3456 660 3524 sed
691 3457 738 3524 de
768 3479 812 3527 ea
842 3477 937 3550 quae
964 3453 1035 3526 nisi
1060 3455 1217 3526 ferventi

122 3562 275 3651 pectore
291 3553 455 3624 maximo
471 3551 592 3624 studio
611 3564 848 3649 coqueretur,
876 3555 923 3625 ad
948 3552 1143 3649 pernitiem
1162 3563 1216 3626 tu·

122 3664 202 3726 turn
217 3675 350 3747 eorpus
364 3651 469 3748 regui
483 3653 753 3728 terminaretur.
789 3655 835 3726 Et
845 3663 886 3725 ut
898 3653 1104 3750 proverbiis
1117 3678 1217 3730 com·
1301 3721 1305 3732 .

123 3752 292 3826 munibus
312 3762 412 3839 utar:
446 3753 601 3848 Expedit
625 3756 681 3826 ori
713 3753 976 3850 denc'ooprrere
994 3755 1130 3848 eibum,
1157 3759 1225 3850 qui·

122 3853 256 3925 crudus
273 3860 435 3946 sumptus
451 3860 604 3949 penerel
616 3855 836 3948 periculum
854 3865 892 3927 et
909 3865 949 3927 ut
966 3855 1085 3927 aiunt:
1104 3854 1216 3928 Meda·-

122 3955 312 4025 comeatu
339 3953 451 4026 omlis
474 3955 698 4048 ponendum,
733 3961 839 4026 caute
868 3961 922 4026 est
943 3953 1214 4047 prouidendum.

93 4051 260 4130 :Eodem
286 4054 397 4125 modo
422 4075 504 4125 cum
524 4052 583 4127 diu
603 4064 807 4127 certaretur
823 4053 906 4150 quis
928 4076 1087 4149 regnare
1105 4055 1214 4128 dehe-

121 4162 190 4247 ret‚
210 4178 365 4250 eumque
379 4154 490 4226 alium
509 4163 612 4226 netas
625 4154 683 4226 vel
702 4154 811 4227 nimis
827 4154 1026 4228 immatura
1042 4153 1102 4246 rel
1120 4153 1214 4227 ultra

120 4255 271 4324 modurn
290 4264 486 4351 proveeta,
510 4253 621 4326 alium
641 4253 754 4326 virtus
773 4253 1015 4351 inexplorate,
1034 4257 1212 4350 quosdam
