3017 4884
258 405 306 476 24
427 399 630 476 WlPONlS
659 400 769 474 VITA
796 399 1070 476 CIIUONIIADI
1098 398 1190 473 IMP.

256 606 357 695 ptum
374 600 551 695 vidissem,
579 599 825 696 respondebo:
860 600 903 672 Iu
920 624 983 672 ore
1004 601 1158 673 duorum
1177 601 1232 674 vet
1248 603 1355 674 trium

257 702 367 774 stabit
385 725 488 791 omne
502 697 781 801 testimonium:
800 707 835 772 et
850 701 960 771 verbo
970 701 1128 773 Christi
1114 724 1152 770 m
1169 702 1356 794 euonpelio

258 825 330 874 non
356 825 421 894 per
446 824 555 872 unum
556 792 713 892 solum,
732 796 806 872 sed
821 823 886 893 per
902 807 1060 895 puertuor
1084 805 1190 872 testes
1207 802 1358 884 idoneos
1489 860 1490 873 ι

259 905 294 974 in
313 901 461 972 ecclesio
482 900 641 978 dilatori.
693 899 777 993 Tibi,
795 923 931 971 sumine
948 902 1086 994 impero
1087 904 1162 994 t‚or·
1181 899 1359 1016 hocopus

260 1000 432 1090 devoveo,
452 1001 513 1070 tibi
531 1007 631 1094 peste
649 1001 767 1092 putris
785 1007 1025 1094 repraesento,
1043 1005 1085 1070 ut
1104 1002 1295 1094 quotiens
1282 1024 1355 1094 ipse

259 1124 318 1172 ree
335 1099 559 1172 clarissimos
574 1122 682 1194 opere
697 1098 887 1191 mediteris,
904 1102 1006 1191 prius
1021 1104 1197 1192 paternos
1211 1100 1355 1172 uirtutes

260 1199 355 1273 uelut
369 1204 406 1270 in
424 1199 567 1292 spemin
585 1200 825 1291 Immisere„
842 1205 877 1270 et
891 1198 981 1272 illud
996 1201 1031 1270 in
1048 1204 1083 1270 te
1099 1201 1356 1282 dormiebam
1426 1283 1432 1289 ι

260 1299 423 1392 dontius,
452 1297 548 1392 quod
566 1297 800 1369 haereditasti
818 1319 842 1370 o
859 1297 1208 1392 patriis'rodioibue‚
1233 1302 1294 1393 qui
1318 1306 1358 1370 ut

260 1403 407 1470 cunctos
425 1403 698 1469 antecessoreet
698 1420 764 1469 uos
781 1399 817 1467 in
834 1397 1047 1492 quibusdam
1062 1397 1242 1470 diviniet
1206 1405 1242 1470 et
1257 1421 1355 1470 mmi-

262 1497 369 1570 donis
396 1497 502 1571 rebus
517 1499 715 1591 superasti,
742 1498 796 1568 ito
820 1519 970 1591 repnum
988 1499 1061 1571 et
1045 1500 1232 1592 imperium
1254 1505 1356 1570 amm

263 1597 465 1670 diuturnius
496 1597 675 1684 ominibus
697 1596 782 1690 illie,
817 1595 961 1682 fovente
993 1597 1073 1670 Deo
1105 1601 1355 1751 omnipotente,

260 1699 435 1770 merearis
451 1678 635 1770 obtinere.
661 1694 754 1768 Volo.

577 1881 745 1956 INCIPIT
780 1832 1053 1957 PROLOGUS..

364 2002 497 2073 Rerum
519 2000 733 2072 labentium
750 1998 943 2094 fugitiuum
969 1999 1191 2070 memoriam
1218 1998 1356 2072 littera·

263 2125 343 2172 ιιιιιι
364 2101 519 2172 vinculis
538 2109 774 2193 connectere,
793 2109 830 2170 et
849 2099 1097 2197 praesertim
1086 2098 1301 2170 christiani
1292 2122 1358 2168 rm·

264 2199 355 2298 perii
381 2201 510 2272 laudes
526 2201 634 2272 inerti
653 2198 800 2272 silentio
819 2223 894 2270 non
918 2198 1097 2294 transire
1118 2223 1209 2270 eum
1234 2196 1357 2292 etius,

263 2325 327 2396 qur
317 2299 450 2372 hoc
441 2323 478 2370 ιιι
505 2302 575 2374 bec
592 2299 665 2371 vita
685 2303 779 2372 bene
796 2299 1122 2394 administrabant
1143 2298 1231 2370 inde
1248 2319 1359 2393 quae

264 2403 348 2472 dam
376 2399 638 2496 perpetuitatis
660 2400 834 2495 perduret
859 2400 999 2494 glorie,
1024 2409 1102 2469 turn
1121 2398 1300 2494 posteris7
1327 2397 1359 2470 si
1492 2436 1493 2495 l

265 2499 443 2571 aemulari
468 2502 642 2594 parentes
668 2499 801 2592 velint,
828 2502 924 2570 bene
952 2497 1095 2570 vivendi
1120 2497 1297 2594 apposite.
1312 2497 1362 2568 sit

264 2600 405 2693 forma,
432 2599 557 2694 aptum
584 2598 864 2671 et‘eonveniens
880 2621 963 2670 esse
990 2598 1135 2694 putavi,
1161 2597 1244 2694 quia
1270 2597 1361 2669 utile

266 2699 477 2795 exemplum
494 2698 672 2771 imitantis
697 2698 861 2770 animuin
880 2698 1148 2794 promptiorem
1171 2705 1284 2791 atque
1300 2695 1361 2774 fir·

265 2799 421 2872 miorem
447 2797 484 2874 in
516 2803 624 2871 rebus
655 2799 809 2894 agendis
843 2800 998 2870 reddere
1034 2798 1139 2872 solet
1191 2797 1286 2868 Item
1319 2795 1362 2867 lit

267 2875 502 2996 plerumque
528 2908 566 2969 ut
593 2901 638 2971 de
656 2900 765 2970 laude
783 2897 966 2970 maiorum
984 2896 1092 2969 faoile
1110 2906 1238 2970 nasoat
1240 2921 1283 2968 ur
1298 2920 1362 2968 ve·

267 2997 442 3070 recondis
460 3009 497 3070 et
515 3019 582 3070 oon
587 2997 678 3070 fusio
694 3007 940 3098 posterorum
955 2998 986 3071 si
1004 3021 1046 3070 se
1065 2997 1121 3070 Iris
1134 2998 1267 3070 saltem
1285 3019 1361 3068 non

268 3097 526 3211 aequaveiint
544 3121 640 3171 eum
666 3105 771 3192 gesta
798 3119 928 3172 eorum
947 3099 1046 3171 fama
1064 3101 1220 3172 docente
1237 3098 1363 3170 lurda

266 3198 397 3270 verint.
434 3198 481 3269 Ut
508 3197 612 3272 enim·
626 3195 740 3270 virtus
767 3199 964 3295 plenosque
982 3199 1155 3294 vulgares
1181 3198 1362 3293 nobilitat,

268 3297 321 3372 sio
338 3296 555 3370 nobilitas
525 3319 607 3376 sine
624 3297 817 3376 virtutibus
833 3299 970 3370 multos
988 3299 1130 3371 nobiles
1152 3299 1363 3393 degenerat

268 3399 464 3470 Praeterea
494 3393 637 3469 videtur
664 3423 738 3473 non
766 3396 877 3470 licere
903 3400 949 3470 de
972 3398 1136 3472 victoriis
1163 3396 1363 3470 catholieo-

268 3521 350 3571 rum
386 3495 590 3596 prinoipem
625 3507 770 3594 taeere.
815 3508 853 3569 eb
886 3508 1127 3592 tyrannorum
1161 3497 1363 3570 infidelium

268 3597 477 3704 triumphos
503 3597 617 3690 largis
643 3597 794 3670 vocibus
817 3598 1014 3692 publicare
1059 3599 1157 3670 Satis
1182 3596 1366 3670 inconsul-

270 3707 349 3770 mm
377 3705 433 3767 est
444 3695 689 3791 Superbum
708 3697 959 3792 Tarquinium,
980 3699 1128 3774 Tullum
1149 3708 1187 3769 et
1207 3699 1364 3788 Ancum,

271 3805 414 3908 patrem
444 3751 632 3890 Aeneam
664 3798 829 3868 ferocem
865 3799 1057 3893 Rutulum,
1085 3809 1123 3870 et
1156 3797 1365 3870 huiusmodi

271 3895 453 4000 quoslibet
471 3905 508 3966 et
526 3895 686 3967 scribere
705 3906 747 3970 et
765 3897 909 4009 legere
937 3908 1084 3970 nostros
1109 3908 1234 3972 autem
1253 3901 1366 3972 Caro·

270 3998 328 4070 Ios
356 4006 465 4094 atque
492 4004 569 4067 fres
589 3995 765 4092 Ottonee
794 3997 1064 4094 imperatorem
1078 3997 1291 4070 Heinrieum
1310 4021 1367 4094 se·

272 4097 453 4190 eundum
483 4095 779 4172 Chuonradum
768 4111 1032 4205 imperatorem
1060 4107 1206 4195 patrem
1233 4079 1368 4194 glorio·

274 4209 379 4286 1)·ιι
320 4211 379 4267 neu
382 4219 398 4265 ι.
422 4213 464 4276 le,
486 4210 528 4267 15.
