3017 4884
246 457 294 527 aa
409 445 617 524 wrrcms
644 444 756 520 vim
782 442 1058 552 cuponmm
1087 443 1179 517 rur.

151 651 228 717 rost.
247 649 402 722 fulmina
427 671 511 720 cum
536 647 706 720 tonitruis
732 645 933 742 eruperunt
955 654 1081 716 tantae
1105 641 1342 739 fortitudinis,

248 761 287 820 ut
305 749 420 822 multa
435 770 520 843 pars
535 747 725 819 hominurn
740 755 777 816 et
795 767 974 840 equorum
992 743 1130 840 periret
1142 742 1179 812 in
1199 742 1341 815 castris
1376 805 1382 812 .

248 849 404 935 Quidam
424 869 512 944 prae
530 855 633 918 tanto
651 856 795 917 terrore
813 845 850 914 in
869 862 1060 916 excessum
1079 842 1215 914 mentis
1233 864 1341 912 vene·

248 957 355 1044 runt,
378 949 428 1018 ita
447 956 486 1018 ut
504 957 588 1042 post
606 945 745 1042 aliquos
762 965 913 1017 menses
931 943 990 1012 vix
1008 941 1081 1014 illis
1099 951 1232 1014 sensus
1247 940 1341 1012 redi·
1376 1031 1379 1039 Ι

249 1048 328 1120 erit
370 1047 567 1118 Venientes
595 1059 718 1118 autern
744 1044 806 1139 qui
833 1052 936 1114 extra
954 1051 1076 1142 castra
1095 1042 1253 1137 luerunt,
1274 1064 1341 1112 nec

248 1146 382 1217 vidisse
410 1145 648 1217 necandisse
673 1143 807 1237 aliquid
832 1142 907 1213 tale
930 1141 1112 1213 dicebant.
1167 1141 1220 1212 Eo
1247 1146 1339 1212 tem·

248 1269 338 1340 pore
382 1245 585 1340 imperator
628 1241 984 1336 archiepiscopatum
1026 1240 1341 1328 Mediolanensem

247 1344 442 1416 Ambrosio
470 1342 733 1415 Mediolanensi
761 1340 938 1412 canonico
964 1340 1074 1432 dedit,
1099 1340 1186 1410 licet
1202 1338 1252 1410 illi
1271 1338 1341 1411 ista

249 1443 396 1516 donatio
425 1465 554 1538 parurn
571 1441 779 1536 profuisset.
810 1441 904 1511 Nam
931 1440 1030 1511 cives
1048 1438 1341 1510 Mediolanenses

249 1542 417 1639 quicquid
442 1541 569 1613 habuit
585 1540 684 1612 idem
702 1539 917 1611 Ambrosius
936 1538 973 1608 in
990 1539 1135 1610 illorum
1155 1537 1340 1609 territorio

241 1632 558 1736 demoliebantur,
586 1650 623 1710 et
640 1661 746 1710 suum
774 1638 1090 1734 archiepiscopum
1108 1637 1341 1710 Heribertum

249 1763 363 1835 usque
389 1740 527 1811 obitum
554 1739 631 1810 eius
661 1759 744 1809 cum
763 1739 905 1809 bonore
928 1738 1174 1833 retinuerunt„
1205 1739 1271 1809 sed
1288 1746 1342 1808 ta·

249 1860 334 1911 men
354 1863 437 1910 cum
457 1837 573 1934 gratia
593 1837 754 1909 Heinrici
773 1838 872 1932 regis
888 1837 953 1908 filii
971 1837 1217 1932 imperatoris,
1242 1839 1341 1931 qarod

248 1939 390 2035 plenius
415 1939 452 2010 in
479 1938 593 2033 gestis
619 1939 739 2031 regis,
776 1937 806 2006 si
833 1936 933 2010 Deus
964 1937 1140 2032 voluerit,
1169 1959 1345 2030 exequar.-

151 2113 157 2118 ,
246 2037 384 2110 Eodem
404 2047 572 2141 tempore
596 2059 691 2132 papa
718 2037 925 2107 Cremonae
948 2039 1165 2107 occurrebat
1182 2035 1340 2131 impera·
1417 2084 1422 2091 ,
1488 2128 1489 2135 ἵ

148 2136 339 2231 clun-tori7
368 2149 406 2206 et
422 2136 623 2208 honorilice
648 2145 819 2230 receptus
837 2144 874 2205 et
892 2135 1084 2230 dimissus,
1108 2135 1265 2206 Romam
1282 2158 1340 2206 re-

188 2239 190 2243 ’
247 2247 375 2308 versus
401 2245 465 2307 est.
507 2237 714 2331 Imperator
741 2234 907 2329 disperso
939 2235 1101 2306 exercitu
1127 2257 1194 2330 per
1218 2235 1340 2328 regio·

249 2359 336 2430 nes,
364 2335 443 2431 ipse
462 2337 506 2407 ad
526 2345 722 2406 montuosa
746 2335 829 2405 loca
846 2334 999 2406 secessit
1016 2343 1169 2430 propter
1186 2334 1340 2428 refrige·

249 2434 364 2530 riunr7
394 2434 567 2530 qnoniam
596 2443 800 2506 ea‘aestate
819 2457 975 2536 magnus
994 2435 1096 2504 calor
1113 2433 1338 2505 imminebat.

202 2625 209 2633 ’
248 2597 306 2666 37.
344 2591 403 2667 De
430 2593 671 2674 seditione
704 2616 818 2688 quae
845 2595 969 2664 facta
996 2603 1070 2665 est
1094 2593 1137 2664 in
1166 2576 1338 2666 Parma.

164 2743 229 2796 Dec.
322 2729 461 2802 Eodem
480 2751 598 2823 annu⁷
618 2728 783 2821 hyberno
801 2738 971 2825 tempore
990 2728 1144 2800 collecto
1161 2728 1340 2824 exercitu,

246 2827 448 2922 imperator
461 2827 891 2924 transcendens-Padum,
910 2829 956 2898 ad
971 2829 1140 2898 Parmam
1152 2827 1339 2925 ciuitatem

247 2927 365 3022 venit7
390 2927 436 2998 ibi
464 2928 624 2998 natalem
643 2927 791 2998 Domini
809 2927 1008 2998 celebravit
1025 2927 1222 2998 inchoante
1240 2951 1339 2998 anno

246 3025 451 3096 dominicae
469 3025 732 3097 incarnationis
752 3028 858 3098 1038.
894 3027 935 3097 ln
961 3026 1041 3121 ipsa
1062 3027 1119 3098 die
1138 3025 1339 3098 nativitatis

244 3124 391 3195 Domini
417 3125 512 3195 inter
538 3125 760 3196 Teutonicos
786 3136 823 3196 et
848 3125 946 3198 cives
964 3127 1183 3198 Parmenses
1201 3149 1340 3220 magna

244 3223 374 3296 seditio
401 3235 480 3297 orta
500 3234 575 3318 est7
596 3234 632 3294 et
650 3224 798 3319 quidam
816 3228 910 3297 bene
928 3227 1056 3296 valens
1073 3225 1129 3296 vir
1147 3225 1339 3297 Chuonra·

166 3388 175 3422 η,
245 3325 331 3415 dua,
358 3323 512 3396 infertor
539 3323 702 3396 ciborum
729 3324 982 3420 imperatoris,
1010 3347 1095 3395 cum
1120 3325 1201 3396 aliis
1226 3325 1339 3401 inter·

140 3419 142 3422 ’
245 3422 361 3493 fectus
380 3433 446 3496 est.
483 3424 585 3494 Unde
605 3434 817 3495 commotus.
831 3423 1023 3520 exercitus,
1043 3423 1175 3518 gladiis
1197 3433 1234 3494 et
1250 3423 1349 3518 igne

244 3522 340 3593 cives
368 3523 599 3618 aggreditur3
627 3533 664 3592 et
687 3522 890 3619 imperator
911 3533 996 3619 post
1023 3523 1233 3595 incendium
1259 3546 1336 3594 ma·

243 3645 355 3714 gnam
380 3631 523 3716 partem
552 3646 741 3692 murorum
767 3623 903 3694 destrui
922 3622 1121 3719 praecepit,
1149 3631 1337 3694 uteorum

243 3721 582 3814 praesumptionem
607 3745 681 3790 non
700 3721 853 3792 inultam
880 3723 994 3794 fuisse
1021 3723 1112 3793 haec
1129 3723 1235 3792 ruina
1254 3722 1335 3794 aliis

27 3909 30 3919 Ι
145 3829 222 3882 1038.
243 3817 446 3891 civitatibus
464 3818 650 3890 indicaret.
686 3819 826 3890 Deinde
850 3821 1052 3917 imperator
1068 3824 1337 3894 transcendens

241 3919 474 4014 Apenninum
493 3929 681 4014 montem,
698 3918 744 3989 ‘in
761 3921 932 4015 Apuliam
950 3923 1134 3993 tendebat.
1170 3920 1334 4017 Impera·

241 4019 311 4088 trix
330 4041 417 4090 vero
443 4019 598 4089 Romam
625 4018 754 4090 orandi
773 4021 892 4114 gratia
909 4021 1021 4114 venit7
1053 4022 1137 4092 inde
1156 4023 1200 4091 ad
1220 4022 1336 4118 irnpe-

157 4133 222 4188 Mat.
242 4127 403 4190 ratorern
439 4118 643 4189 revertitur.
692 4119 899 4214 lrnperator
931 4131 1054 4192 autem
1082 4123 1125 4191 ad
1155 4121 1354 4193 terminos

163 4207 222 4260 ¹¹¹⁰·
243 4218 387 4312 imperii
417 4217 472 4290 sui
507 4218 745 4314 pervenienS,
781 4219 929 4293 Troiam
966 4220 1271 4298 Beneventanum
1298 4232 1337 4294 et
