3017 4884
255 403 301 476 18
522 393 725 468 wirtonis
752 392 1072 470 terratenus,

250 613 305 665 aso
325 594 472 669 Audiuit
490 593 668 668 Dominus
692 596 914 689 clamantes,
941 606 979 668 et
1003 575 1223 666 miserorum
1332 628 1334 637 ·

327 695 532 792 Respondit
549 693 710 790 gemitus
736 694 843 784 solita
862 693 999 790 pietate
1012 693 1182 766 Creator.

298 839 300 846 ·
327 797 433 868 Venit
451 795 488 866 in
507 797 605 866 hunc
624 796 801 866 mundum
821 794 942 866 carnis
960 795 1102 865 velatus
1120 794 1157 864 in
1177 795 1320 890 umbra,

326 895 486 968 Humani
512 893 659 989 generis
678 895 858 964 formator
876 893 1011 990 etipse
1029 895 1251 988 redemptor.

327 995 408 1068 Non
427 993 561 1089 repulit
579 994 720 1088 legem,
748 994 813 1065 sed
831 993 965 1065 iustum
985 995 1078 1064 dans
1097 995 1350 1087 moderamen,

254 1117 308 1171 335
328 1095 610 1166 Nemoreretur
626 1095 762 1190 homo,
789 1092 935 1186 veniam
955 1117 1038 1164 cum
1057 1092 1141 1188 iege
1155 1093 1308 1187 locavit,

326 1195 376 1266 Ut
392 1217 474 1264 oum
493 1192 570 1264 Lex
588 1202 747 1264 mortem
766 1192 977 1289 promittat,
993 1193 1120 1266 Gratia
1138 1193 1265 1290 vitam,
1308 1232 1313 1247 ι

217 1294 226 1300 ’
290 1347 293 1352 ·
326 1293 454 1388 Erigat
470 1293 565 1366 haec
582 1291 753 1388 humiles,
775 1301 814 1362 ut
830 1291 982 1387 dissipet
1002 1291 1067 1363 illa
1084 1290 1262 1386 rebellent,

265 1431 271 1438 ν
328 1391 526 1466 Conversis
551 1391 698 1464 veniam
718 1391 826 1462 iudex
849 1415 925 1462 non
944 1395 1103 1485 abneget
1120 1391 1225 1462 ullus.

328 1493 388 1564 Sic
405 1493 504 1564 Dens
524 1491 760 1586 omnipotens
780 1515 846 1587 per
863 1500 968 1571 vates
985 1491 1126 1562 dixerat
1143 1490 1248 1561 oiim:

254 1605 307 1660 300
327 1591 422 1662 Nolo
437 1593 618 1684 peccantis
636 1597 805 1682 mortem,
830 1613 894 1661 nec
911 1591 1056 1683 poudco
1070 1613 1211 1684 poeno:

329 1691 583 1783 convertatur,
603 1689 671 1785 ait,
695 1691 808 1782 uiuat,
827 1689 913 1760 miti
929 1692 1067 1761 seruiat
1080 1692 1155 1783 ipsc

329 1793 569 1862 Conseruntur
586 1789 712 1883 borno,
738 1813 841 1884 quem
857 1791 981 1883 prisca
997 1793 1034 1862 in
1051 1790 1135 1862 rede
1152 1811 1299 1881 repono.

318 1889 432 1961 Nunc
450 1890 548 1962 idem
567 1889 746 1962 Dominus
765 1888 919 1962 veniens
938 1889 977 1962 in
994 1889 1160 1986 tegmine
1177 1888 1299 1960 earnis

329 1989 465 2084 lnquit:
492 1989 683 2082 [discipulis
700 1989 769 2062 hoc
785 1989 939 2082 mundo,
958 1990 1101 2079 dircite,
1128 1991 1274 2080 cunctis,

182 2169 184 2174 ⁸
216 2127 221 2130 -
254 2106 308 2158 350
329 2089 489 2160 Crimina
504 2092 726 2181 poeniteant,
758 2094 791 2158 ct
816 2089 892 2158 uita
906 2095 1050 2180 perpete
1067 2089 1199 2178 uiuunt,

242 2277 247 2286 .
290 2215 293 2224 ¹
327 2188 518 2259 Peccatum
533 2194 676 2280 pereat,
699 2192 871 2280 peccator
888 2188 1002 2279 uiuere
1020 2186 1150 2257 dicem.
1260 2247 1264 2253 .
1332 2247 1338 2254 .

328 2287 398 2373 Qui
425 2311 466 2358 se
485 2287 685 2382 convertit,
713 2311 788 2358 non
806 2296 864 2359 est
882 2285 960 2383 hio,
986 2286 1047 2381 qui
1067 2285 1134 2356 init
1150 2283 1249 2356 oiim.

328 2387 409 2456 Non
428 2385 546 2457 dicam
564 2385 643 2479 hie,
669 2385 768 2457 vitae
791 2386 877 2479 quid
895 2384 943 2456 sit
960 2385 1157 2457 clementia
1175 2407 1306 2455 verax:

307 2567 310 2572 .
327 2484 435 2570 Quod
453 2484 568 2577 gratis
587 2483 750 2578 dabitur,
775 2482 974 2554 clementia
990 2483 1073 2571 inre
1087 2495 1249 2554 vocatur.

254 2609 307 2662 310
327 2583 398 2671 Qui
416 2582 546 2678 recipit
563 2580 759 2677 meritum,
785 2581 932 2652 veniam
951 2581 1031 2677 quio
1048 2581 1179 2652 dixerit
1196 2581 1311 2653 iltudt

328 2683 366 2758 Si
387 2681 467 2778 quis
484 2680 652 2779 peccanti
671 2704 850 2763 converso
875 2682 950 2752 vuit
966 2679 1148 2777 misereri,

295 2840 299 2846 .
326 2783 372 2854 Et
390 2805 546 2878 parcens
564 2781 715 2877 misero,
741 2780 940 2855 vindictam
964 2804 1112 2854 sumere
1131 2781 1263 2877 nescit,

329 2882 396 2954 Hie
413 2882 559 2956 veniam
578 2882 722 2974 tribuit,
747 2881 802 2954 sic
822 2895 982 2977 poenam
1002 2881 1128 2955 Gratia
1147 2881 1298 2977 spernit.

329 2982 549 3077 Propitietur
576 2983 689 3054 bomo
711 2979 889 3053 confratri
912 2980 1065 3052 crimine
1083 2983 1198 3077 lapso.

255 3101 308 3154 315
329 3081 402 3168 Qui
418 3081 514 3153 cadit
532 3091 569 3152 et
586 3081 723 3176 surgit,
742 3104 830 3178 spes
848 3091 908 3153 est
922 3081 1103 3153 nt'vivere
1121 3081 1247 3178 possit.

113 3197 123 3222 ·
166 3256 168 3265 χ
218 3205 223 3210 ·
329 3179 469 3254 Omnes
487 3205 703 3277 peccamus,
725 3181 965 3277 peccantibus
984 3181 1261 3254 hocfaoiamus-
1318 3250 1320 3253 .

329 3280 435 3366 Quod
454 3281 632 3354 Dominus
649 3283 775 3374 nobis,
793 3278 855 3378 oui
874 3284 1039 3354 clemens
1058 3291 1116 3353 est
1132 3278 1298 3353 inimicis,

329 3380 420 3452 Cum
440 3381 586 3454 veniam
604 3381 734 3479 laudo,
760 3407 834 3454 non
851 3381 993 3478 Legem
1013 3391 1182 3454 temnere
1200 3401 1348 3475 quaero.

329 3479 404 3552 Lex
423 3485 540 3576 bona,
568 3481 596 3553 si
616 3481 762 3554 veniam
788 3484 898 3554 dorso
923 3491 1072 3578 portare
1095 3479 1274 3572 studebit,

255 3589 310 3642 320
329 3581 456 3651 Gratia
474 3591 562 3650 tunc
579 3584 748 3676 prodest,
772 3604 857 3652 com
881 3578 957 3651 Lex
975 3579 1220 3675 praecesserit
1237 3579 1348 3651 iliam.

328 3677 375 3749 Et
391 3678 467 3750 Lex
485 3678 657 3774 obstanti,
677 3681 742 3750 sed
761 3679 888 3752 Gratia
906 3677 956 3750 sit
971 3680 1158 3775 redeunti,
1261 3738 1265 3748 ,

330 3776 391 3850 Sic
415 3777 452 3848 in
470 3790 625 3874 utroque
649 3780 747 3850 bono
772 3779 916 3851 dabitur
932 3779 1137 3869 consistere,
1151 3782 1299 3853 mundo.

328 3877 433 3950 Nunc
450 3877 516 3951 tibi
533 3877 580 3952 sit
597 3877 676 3974 regi
694 3903 766 3976 pax
784 3888 822 3951 et
839 3878 1036 3953 clementia
1054 3879 1207 3975 Christi5

330 3978 382 4051 Tu
401 3978 573 4076 princeps
592 3978 691 4054 orbis
708 3977 760 4052 sis
778 3979 913 4052 Christi
930 4004 1086 4054 munere
1105 3981 1223 4076 fortis,

255 4095 308 4148 325
329 4077 381 4149 Tu
400 4078 579 4154 Dominus
601 4077 718 4175 regni.
731 4078 834 4152 vivas
850 4080 888 4151 in
907 4104 997 4176 paee
1016 4081 1180 4177 perenni.

328 4177 390 4250 Sic
414 4179 491 4250 volt
509 4179 615 4277 Wipo
635 4189 717 4252 tuos
744 4205 828 4254 eom
847 4180 921 4255 fido
941 4192 1091 4279 pectore
1109 4205 1249 4254 servos.

862 4326 941 4333 ..η-...-
