3017 4884
288 421 337 496 66
455 419 657 494 WlFONlS
682 413 795 493 Vl'l'll
821 416 1096 492 canonicam
1123 418 1214 490 lhll'ss
1297 427 1304 435 '

190 636 269 691 toas.
289 617 405 712 tibus,
440 617 668 712 aPilegrino
703 616 983 713 archiepiscopo
1010 613 1221 711 Coloniensi
1255 616 1294 687 in
1326 641 1383 688 re·

204 731 270 804 Api.
290 719 413 814 galeni
433 718 583 814 apicem
613 719 711 814 apurl
735 714 1161 812 Aquisgranipalatium
1192 715 1380 807 sublimari

226 807 268 860 ¹4·
288 819 436 904 fecerat.
473 820 575 890 Tunc
589 816 629 887 in
647 815 840 914 principali
863 813 1049 886 dominica
1064 814 1226 910 paschae
1255 839 1383 888 conse·

289 927 410 992 cratus
441 927 477 989 et
502 926 717 1014 coronatum
743 916 956 1012 paschalem
980 914 1158 986 laetitiam
1176 912 1382 1010 triplicavit.

287 1017 382 1089 Nam
409 1019 494 1089 dum
512 1016 549 1089 in
568 1015 817 1112 superioribus
840 1014 947 1087 annis
966 1016 1056 1087 duas
1074 1035 1253 1110 coronae,
1271 1015 1306 1086 id
1324 1027 1383 1087 est

287 1115 402 1214 patris
433 1125 471 1188 et
501 1117 629 1188 matris
648 1127 771 1211 suae,
806 1116 964 1186 mundus
995 1118 1253 1210 teneraretur,
1287 1139 1383 1188 nunc

287 1216 397 1290 tertia
416 1215 550 1312 addita,
1034 1271 1050 1297 .,
1075 1273 1079 1281 .

338 1315 433 1411 Spes
450 1315 549 1411 pacis
567 1314 704 1411 crevit,
721 1335 836 1411 quam
849 1335 914 1385 rex
925 1337 1018 1386 cum
1036 1335 1188 1386 caesare
1205 1312 1311 1404 fecit3

287 1415 506 1510 praesertim
525 1439 610 1486 cum
636 1414 668 1486 is
687 1422 893 1486 coronatus
919 1421 1037 1505 esseta
1063 1411 1163 1484 cuius
1185 1421 1289 1483 actas
1307 1411 1381 1484 vita

288 1512 456 1586 diuturna
480 1513 569 1586 satis
598 1514 708 1609 digna
738 1512 868 1584 fuerat.
917 1512 1057 1587 Deinde
1087 1510 1234 1582 diversa
1264 1534 1381 1606 regna

287 1623 554 1709 peragrantes,
573 1637 703 1686 caesar
720 1635 789 1708 per
804 1635 868 1706 se,
894 1636 960 1686 rex
977 1615 1183 1685 sub-tutore
1202 1619 1239 1682 et
1257 1621 1382 1686 actore

287 1712 510 1808 Augustensi
537 1713 712 1808 episcopo
741 1711 936 1807 Brunone,
961 1721 1113 1786 cunctos
1135 1711 1381 1785 rebelles-do·

288 1815 439 1886 mebant
457 1822 494 1885 et
511 1812 662 1886 foedera
679 1811 782 1909 pacis
800 1810 933 1907 ubique
950 1811 1107 1886 feliciter
1123 1808 1330 1883 firmabant.

322 2043 339 2064 p,
364 1971 421 2043 tl.
473 1966 536 2040 De
564 1969 699 2041 obitu
727 1967 945 2066 episcopi
971 1965 1305 2064 Augustensis.

190 2121 269 2174 1029.
363 2106 472 2179 Anno
496 2103 665 2200 sequenti
688 2105 892 2201 imperator
915 2103 953 2174 in
971 2101 1140 2176 Baioaria
1158 2103 1381 2199 Ratisponae
1494 2112 1495 2123 ¹

48 2220 50 2224 ’
187 2191 432 2301 Art-ipanus.
454 2202 661 2279 celebravit.
697 2204 749 2276 lbi
767 2203 892 2277 Bruno
920 2203 1115 2299 episcopus
1137 2203 1381 2298 Augustensis
1494 2276 1495 2287 ,

289 2305 481 2380 defunctus
495 2315 563 2402 est,
580 2303 830 2400 cuiuscorpus
843 2302 1056 2400 imperatrix
1069 2313 1278 2399 prosecuta,
1298 2327 1380 2375 cum
1494 2308 1495 2343 ³

288 2404 366 2476 filio
382 2403 556 2481 Heinrico
574 2427 663 2499 rege
689 2405 734 2476 ad
751 2407 956 2498 Augustam
983 2404 1110 2476 sedem
1135 2425 1241 2474 suam
1267 2404 1381 2476 hono-

288 2503 390 2576 rificc
416 2503 567 2599 sepeliri,
588 2505 766 2580 fecerunt.
801 2502 940 2577 Nobilis
965 2501 1062 2577 etaim
1088 2503 1195 2574 valde
1217 2502 1283 2574 fuit
1299 2503 1382 2598 ipse

288 2602 481 2701 episcopus
500 2602 636 2676 Bruno.
670 2602 870 2682 Namdum
888 2611 987 2674 esset
1004 2602 1119 2674 frater
1135 2600 1295 2675 Heinrici
1313 2602 1382 2677 im·

287 2703 484 2800 peratoris7
501 2702 596 2778 filius
622 2712 702 2774 erat
719 2711 943 2774 materterae
961 2699 1107 2774 Giselae
1124 2700 1380 2797 imperatricis.

288 2803 403 2876 Soror
432 2827 521 2877 vero
548 2803 713 2876 eiusdem
743 2801 907 2898 episcopi
938 2811 1051 2897 nupta
1081 2800 1270 2897 Stephano
1302 2801 1383 2896 regi

287 2901 547 2998 Ungarioruma
564 2925 674 2977 causa
688 2901 754 2974 fuit
765 2899 1040 2975 christianitatis
1051 2899 1209 2996 primum
1220 2902 1257 2974 in
1270 2911 1381 2996 gente

288 3003 507 3074 Pannonica.
534 3001 795 3096 Episcopatum
813 3023 902 3072 vero
916 3001 1187 3094 Augustensem
1201 3001 1380 3074 Eberhar-

289 3104 356 3173 dus
374 3099 545 3196 suscepit.
877 3128 881 3135 ·

365 3274 424 3348 25.
452 3253 692 3359 'Qualiter
719 3271 806 3342 dux
832 3270 1062 3344 Ernustus
1090 3274 1306 3346 ducatum

508 3369 696 3470 accepit
722 3379 768 3444 et
793 3369 961 3443 statim
988 3370 1158 3445 amisit.

190 3535 269 3588 1030,
363 3509 470 3580 Anno
488 3506 636 3580 Domini
664 3509 761 3580 1030
786 3507 989 3605 imperator
1014 3508 1257 3581 Chuonrarlus
1286 3511 1383 3606 apud
1493 3528 1494 3589 i

187 3607 267 3663 Man.
289 3605 543 3703 lagelenheim
569 3608 708 3703 pascha
735 3608 943 3680 celebravit.
986 3609 1037 3681 lbi
1064 3607 1242 3700 Ernustus
1273 3632 1383 3704 supra

224 3680 269 3731 ²⁹·
290 3715 517 3777 memoratus
536 3707 606 3775 dux
632 3705 895 3802 Alamanniae,
922 3731 944 3779 a
969 3707 1133 3781 custodia
1156 3708 1298 3779 solutus
1322 3710 1384 3778 du·
1493 3698 1494 3719 *

291 3814 413 3878 catum
445 3803 602 3904 recepit‚
635 3828 678 3877 eo
710 3815 911 3881 tenorent
952 3807 1189 3880 Wezelonem
1226 3806 1383 3880 militem
1493 3840 1494 3849 ¹

289 3923 417 4001 suum,
449 3903 525 4002 ·qui
558 3905 687 3978 multis
711 3903 930 3980 factionibus
964 3912 1121 4004 regnum
1157 3910 1385 4001 turbaverat,

289 4005 391 4103 quasi
417 4007 561 4078 hostem
588 4004 642 4077 rei
668 4007 836 4102 publicae
861 4009 1133 4081 cumomnibus
1158 4006 1234 4080 suis
1259 4029 1386 4102 perse«

288 4115 480 4202 queretur,
506 4106 620 4202 idque
633 4129 673 4178 se
695 4107 876 4180 facturum
895 4131 980 4182 cum
998 4118 1233 4182 sacramento
1253 4107 1386 4179 confir-

288 4215 416 4278 maret.
452 4203 557 4292 Quotl
576 4229 659 4280 cum
677 4209 748 4278 <lux
774 4209 898 4282 lacere
915 4209 1051 4304 nollet,
1077 4205 1202 4281 hostis
1218 4209 1388 4304 publicus
