3017 4884
240 451 248 458 ·
380 449 611 524 unctus
641 447 961 524 rum-ALOGUS.
1164 425 1237 526 '19

275 747 453 822 versus
481 745 684 822 wreoms
710 748 774 820 ru
801 746 998 820 neusin
1024 699 1172 824 nucis,

211 943 359 1042 Regalis
380 954 506 1018 coetus
531 943 578 1017 sit
595 942 632 1016 in
651 943 721 1018 isto
741 957 910 1042 tempore
929 946 1060 1043 lactus,

311 1046 392 1133 Quo
411 1046 471 1117 lux
495 1045 712 1118 intenebris
731 1047 894 1118 exoritur
912 1045 1068 1142 populis.

211 1146 310 1218 Inter
327 1146 540 1218 laetandum
559 1167 619 1218 res
642 1148 772 1218 suadet
789 1148 1171 1244 commemorandum,

311 1246 416 1333 Quod
434 1245 533 1317 Deus
552 1254 609 1317 est
628 1254 757 1341 natus,
778 1244 874 1317 filius
893 1239 971 1342 ipse
990 1247 1106 1318 datus.

172 1375 191 1436 5
210 1343 326 1417 Parva
348 1343 447 1417 dedit
464 1343 655 1416 Bethleem
674 1346 724 1417 de'
739 1367 877 1440 magno
896 1343 1063 1441 germine
1083 1370 1231 1444 panem,
1369 1391 1371 1396 ·

309 1444 378 1531 Qui
397 1443 533 1516 satiare
551 1445 668 1540 valet,
689 1444 859 1541 quicquid
877 1444 1015 1539 ubique'
1027 1456 1162 1519 manet.

209 1545 346 1616 Panem
365 1546 411 1615 de
437 1543 540 1616 coelo
561 1544 725 1640 porrexit
743 1542 861 1639 gratia
881 1546 1038 1638 muudo3

308 1643 417 1716 Panis
436 1644 541 1716 adest
557 1643 661 1715 vivus
680 1653 952 1740 perpetuusque
970 1643 1083 1717 cibus

207 1744 303 1816 Fons
329 1743 495 1816 salientis
523 1766 641 1840 aquae
661 1743 819 1816 diffusae
838 1743 966 1839 poculo
986 1743 1104 1816 vitae:

147 1845 186 1918 ‘ro
308 1843 402 1915 Hinc
419 1844 639 1938 quicumque
658 1844 775 1937 bibet,
801 1867 875 1913 non
894 1841 1026 1913 iterum
1045 1842 1153 1916 sitiet.

206 1941 324 2014 Mellis
343 1943 495 2014 dulcedo
519 1967 586 2039 per
604 1943 791 2015 Christum
809 1939 913 2012 lluxit
930 1941 1104 2039 Olympo,

304 2042 351 2114 Ut
375 2041 521 2139 sapiant
538 2042 664 2114 famuli
692 2040 842 2114 delicias
860 2041 1018 2114 Domini.

203 2139 277 2213 Bos
296 2143 416 2215 renuit
433 2143 583 2214 foenum
603 2166 685 2214 cum
705 2141 795 2214 vidit
813 2141 935 2214 nobile
950 2165 1124 2241 granum,

305 2241 350 2313 Et
368 2266 547 2339 praesepe
570 2243 637 2314 Dei
655 2251 854 2338 praecavet
871 2265 913 2312 os
932 2241 1035 2314 asini.

153 2366 187 2419 15
206 2341 318 2436 Virgo
337 2342 470 2437 Maria,
488 2341 591 2436 vide7
615 2342 783 2413 mirando
801 2340 889 2411 talia
908 2340 997 2436 ride,

305 2440 358 2512 Ex
375 2450 412 2513 te
430 2444 668 2538 perverbum
686 2464 798 2513 cerne
816 2440 934 2511 Deum
954 2441 1129 2536 genitum.

206 2542 282 2613 llex
300 2540 372 2636 pie,
400 2540 571 2614 coelestis
590 2540 726 2614 nostris
745 2540 898 2612 illabere
915 2540 1042 2636 festis3

130 2655 138 2660 “
305 2640 359 2712 Da
377 2641 535 2712 fructum
555 2641 677 2738 pacis,
700 2639 797 2713 sicut
814 2639 945 2734 ubique
965 2641 1076 2736 facis3

204 2738 375 2812 Heinrico
403 2740 482 2835 regi
507 2739 669 2835 digneris
688 2738 891 2837 propitiari,

149 2855 185 2906 eo
305 2839 352 2910 Ut
376 2863 457 2910 cum
485 2839 626 2911 laetitia.
648 2841 839 2934 pertrahat
857 2835 987 2911 officia.
