3017 4884
296 431 499 507 wlnonis
527 431 636 507 VITA
663 417 938 505 CHUONRADI
964 423 1054 505 IMP.
1174 433 1221 506 tt

9 603 20 694 l
132 631 286 706 concilio
305 629 463 728 habito,
468 631 593 706 divina
609 641 649 702 et
665 631 828 702 humana
845 629 926 701 iura
943 628 1081 702 utiliter
1106 629 1224 703 distri·
1244 655 1323 709 ιιιι.

133 737 275 806 buebat.
311 732 424 804 Fama
443 733 520 804 eius
538 732 636 802 vires
654 715 698 801 de
716 729 910 803 virtutibus
921 731 1096 842 (quamsit,
1116 731 1225 804 bodie

133 857 243 928 quam
263 832 340 904 heri
363 856 431 944 pro
459 842 588 902 tenore
615 829 715 925 pacis
735 829 1002 924 praestantior
1031 855 1098 927 pro
1118 835 1227 903 bene-

132 933 316 1004 volentiae
331 933 449 1026 gratia
464 931 601 1024 Ιιιιιιοι,
620 952 686 1025 pro
705 927 823 1021 regali
839 952 998 1000 censura
1012 931 1227 1004 honoratior

133 1032 279 1104 habitus
308 1041 364 1102 est
393 1033 438 1104 ab
468 1029 648 1102 omnibus.
692 1028 924 1124 Quamquam
952 1029 1051 1102 enim
1084 1031 1227 1104 litteras

133 1131 342 1227 ignoraret,
372 1141 501 1202 tamen
526 1152 675 1200 omnem
703 1129 841 1201 clerum
864 1152 947 1199 oum
966 1131 1173 1202 amabiliter
1190 1141 1228 1202 et

133 1231 334 1304 liberaliter
353 1231 486 1342 palam
510 1239 585 1300 turn
613 1227 847 1300 convenienti
873 1228 1064 1342 disciplina
1082 1244 1226 1304 secreto

133 1333 334 1428 prudenter
351 1329 526 1401 instituit.
549 1327 704 1399 Militum
724 1351 811 1398 vero
831 1329 973 1400 animos
991 1328 1029 1400 in
1047 1330 1118 1402 boc
1136 1331 1228 1404 mul·
1278 1416 1284 1426 ¹

133 1442 212 1502 tum
231 1428 393 1526 attraxit,
408 1431 503 1524 quod
522 1426 670 1522 antiqua
684 1426 862 1498 beneficia
876 1439 1070 1542 parentum
1090 1430 1229 1502 nemini

134 1539 368 1628 posterorum
388 1528 523 1600 auferri
541 1525 744 1600 sustinuit1.
790 1528 1021 1599 Praeterea
1011 1554 1049 1600 m
1066 1531 1227 1603 donariis

134 1631 304 1742 frequent
300 1629 404 1726 ibus⁷
432 1628 562 1725 quibus
584 1651 649 1698 eos
667 1625 777 1698 fortia
799 1630 936 1699 audere
953 1627 1088 1741 coegit
1108 1631 1164 1702 sui
1182 1631 1229 1704 si·

135 1729 294 1802 milem
285 1754 321 1800 m
344 1737 422 1822 toto
446 1729 582 1800 mundo
601 1751 675 1798 non
703 1750 815 1822 posse
839 1727 994 1823 reperiri
1010 1730 1229 1815 aestimave-

136 1839 230 1902 runt
277 1826 527 1924 Suspiciosum
553 1837 610 1898 est
628 1827 765 1920 relatu7
793 1851 905 1939 quam
928 1829 1122 1911 munificus
1149 1831 1228 1926 fuit

136 1953 246 2025 quam
264 1929 454 2040 iucundos7
474 1951 584 2022 quarn
603 1925 807 1998 constantis
826 1926 936 1999 animi
940 1939 1146 2024 ,quantum
1164 1928 1230 2002 im

136 2027 337 2141 ρθιιιιιιιιι,
359 2029 466 2100 bonis
485 2027 659 2098 omnibus
672 2025 847 2123 blandus7
875 2028 981 2100 malis
998 2051 1163 2125 severus,
1191 2032 1230 2102 in

20 2169 26 2174 -
137 2129 235 2200 cives
255 2126 491 2224 benignos⁷
478 2151 518 2197 m
538 2128 663 2198 hostes
683 2126 895 2223 acerbus,
884 2149 922 2198 m
949 2133 1058 2201 rebus
1075 2131 1230 2225 agendis

136 2228 290 2320 efficax3
320 2251 430 2322 quam
457 2225 619 2298 maximo
646 2226 725 2296 usui
750 2225 832 2296 fore
853 2250 969 2322 regno
995 2228 1230 2324 infatigabilis

139 2338 236 2418 erat,
264 2326 301 2397 in
320 2327 421 2399 brevi
439 2335 582 2397 tantum
602 2324 821 2421 proficiens,
850 2335 889 2397 ut
907 2349 1018 2399 nemo
1036 2330 1231 2425 dubitaret,

139 2437 223 2525 post
238 2426 358 2498 Caroli
369 2425 492 2522 Magni
506 2436 675 2521 tempora
689 2425 847 2521 aliquem
861 2427 978 2521 regali
989 2431 1078 2500 sede
1091 2429 1231 2524 dignio-

138 2551 218 2600 rem
234 2549 308 2597 non
323 2547 466 2598 vixisse
485 2525 664 2598 Undeext
649 2535 703 2596 at
714 2526 970 2621 proverbium
985 2527 1232 2602 Sottactuaa
1277 2537 1281 2552 “

139 2627 224 2699 radi
246 2627 353 2698 babet
378 2629 586 2698 ascensorio
607 2626 737 2697 Caroli.
782 2626 836 2697 De
855 2629 926 2699 boc
943 2629 1139 2724 proverbio
1158 2631 1233 2741 qui
1290 2620 1301 2626 ’

140 2729 225 2827 dam
244 2729 289 2798 de
308 2725 444 2798 nostris
462 2725 498 2796 in
518 2725 661 2819 libello,
683 2749 796 2820 quem
813 2727 1056 2814 Gallinariam
1074 2729 1231 2824 vocavit,

140 2838 197 2900 sat
198 2813 253 2900 iia
279 2835 409 2920 quarta
429 2823 578 2920 protulit
564 2825 704 2896 thuna
721 2847 889 2896 versum:

241 2958 481 3034 Chuonradus
501 2957 620 3031 Caroli
639 2958 775 3058 premit
793 2961 1003 3034 ascensoria
1021 2964 1132 3060 regis.
1157 2958 1160 2964 ’

141 3096 288 3170 Talibus
306 3095 446 3169 indiciis
474 3121 610 3169 nomen
635 3121 700 3169 seu
727 3098 847 3192 gloria
870 3099 970 3192 regis
987 3100 1154 3194 gentium
1178 3125 1234 3173 re·

141 3197 271 3292 giones
312 3196 558 3292 transcendit
602 3197 767 3271 marinos
806 3197 938 3272 fluctus
972 3202 1233 3272 transnatavit:

140 3296 279 3392 passim
299 3296 552 3390 divulgabatur
578 3297 693 3370 virtus
701 3321 835 3392 ,quae
863 3298 1080 3371 inexhausto
1104 3299 1234 3394 vigore

142 3421 291 3492 semper
313 3400 497 3470 manabat.

218 3496 400 3568 Reversus
419 3517 485 3565 rex
510 3495 554 3564 de
574 3492 753 3566 Ribuariis
772 3495 818 3567 ad
837 3495 1036 3568 Saxoniam
1053 3496 1168 3593 venit,
1186 3497 1235 3570 ibi
1255 3513 1321 3568 Dec.

143 3596 267 3688 legem
299 3593 588 3666 crudelissimam
625 3595 814 3668 Saxonum
845 3598 1047 3668 secundum
1069 3597 1236 3670 volunta·

142 3705 219 3766 tem
248 3717 374 3766 eorum
403 3693 584 3766 constanti
612 3693 828 3768 auctoritate
855 3696 1051 3788 roboravit.
1086 3698 1237 3772 Deinde
1260 3713 1336 3765 1025.

144 3793 358 3867 abarbaris
385 3794 445 3890 qui
471 3793 734 3868 Saxoniamt
696 3783 882 3890 attingunt
910 3796 1044 3868 tributa
1072 3798 1235 3893 exigens,

145 3919 256 3968 omne
290 3891 450 3972 debitum
484 3893 609 3966 fiscale
636 3895 786 3992 recepit.
843 3895 931 3967 lude
956 3896 1165 3968 Baioariam
1201 3910 1238 3970 et
1255 3908 1319 3964 Μιι

41 4038 44 4046 ·
147 3995 364 4067 orientalem
389 3994 580 4066 Franciam
606 3996 877 4090 pertransiens,
903 3997 949 4066 ad
978 3997 1236 4068 Alamanniam

149 4163 174 4234 1)
194 4161 268 4218 blon.
296 4161 388 4217 Germ.
415 4161 477 4233 Lag.
498 4161 529 4216 Τ.
550 4161 586 4216 ll.
612 4179 671 4233 pag.
699 4163 746 4218 38·
772 4175 798 4219 et
824 4165 860 4217 39
887 4166 972 4219 edicta
999 4165 1143 4230 habentur,
1170 4167 1239 4220 mitis

147 4235 304 4290 Glruonradi
323 4236 406 4322 animi
424 4243 514 4290 testes.
