3017 4884
280 539 285 546 .
319 425 520 498 WlPONlS
547 425 655 530 VITA
684 425 958 501 CHUONRADI
985 428 1078 500 latr.
1197 432 1245 504 37

150 622 340 696 alacritate
364 647 493 699 omncs
511 627 771 718 properabant.
806 625 1151 720 ibantgaudentes,
1172 628 1244 700 cle·
1266 635 1345 693 1⁰²4·

151 720 467 818 rici-psallebant,
502 723 583 794 laici
600 727 818 818 pariebant,
854 722 997 818 utrique
1023 749 1089 800 suo
1115 729 1243 820 modo,
1279 779 1282 787 f

149 830 270 893 tantas
296 821 424 894 laudes
442 821 560 892 Deum
590 822 778 919 accepisse
799 825 844 894 ab
862 822 1073 896 horninibus
1092 850 1163 898 una
1185 826 1243 900 die

148 919 272 993 inuno
289 921 371 992 loco
386 922 550 1010 nondum
564 922 850 1017 comperiebam.
870 922 909 994 Si
921 921 1075 1000 Carolus
1087 926 1243 1020 Magnus
1264 947 1288 971 ‘

99 1042 102 1049 “
148 1043 234 1093 carn
252 1029 397 1114 sceptro
417 1021 520 1098 vivus
538 1021 696 1116 adesset,
716 1046 790 1092 non
809 1021 966 1094 alacrior
979 1023 1136 1118 populus
1154 1025 1242 1098 fuis·

147 1127 226 1212 set,
261 1141 329 1191 nec
360 1118 443 1213 plus
473 1121 633 1214 gaudere
665 1121 805 1193 valeret
840 1122 885 1191 de
911 1121 1004 1194 tanti
1031 1121 1098 1192 viri
1124 1124 1243 1199 reditu

148 1241 257 1312 quara
284 1219 328 1288 de
355 1217 458 1298 istius
485 1218 584 1314 regis
611 1219 730 1313 primo
757 1243 921 1293 accessu.
969 1219 1047 1294 Rex
1073 1223 1243 1316 pervenit

147 1317 394 1411 Mogontiarn5
422 1317 470 1390 ibi
487 1318 630 1392 honore
649 1319 770 1392 debito
789 1330 975 1415 receptus,
993 1323 1242 1397 consecratio-

146 1439 232 1489 nera
258 1439 364 1490 suam
393 1417 563 1490 omnibus
589 1417 871 1498 desiderabilem
895 1421 1049 1493 devotus
1077 1432 1242 1516 praesto*

146 1515 298 1588 labatur.

219 1616 273 1686 Ad
292 1639 401 1710 quern
421 1615 711 1690 benedicendum
730 1617 767 1689 in
786 1617 843 1688 die
862 1617 1062 1692 nativitatis
1086 1627 1238 1692 sanetae
1257 1644 1331 1716 sept.

145 1714 282 1788 blariac
309 1738 392 1786 curn
417 1715 716 1812 archiepiscopus
742 1717 1036 1810 Mogontinensis
1062 1728 1100 1790 et
1118 1717 1239 1791 omnis
1276 1719 1303 1772 ⁸·

146 1812 264 1888 clerus
285 1814 540 1909 sollempniter
567 1837 608 1890 se
627 1826 905 1910 praepararent,
928 1815 1024 1889 inter
1038 1840 1144 1888 sacra
1159 1817 1240 1891 olli·

144 1910 202 1984 cia
237 1913 362 2008 regiae
387 1913 571 1986 unctionis
607 1913 907 2011 archiepiscopus
933 1915 1006 1987 hoc
1036 1918 1239 2010 adrogent

143 2037 230 2084 usus
249 2024 306 2086 est
323 2036 516 2086 sermone:
538 2013 659 2086 Omnis
675 2020 837 2107 potestas
854 2017 1026 2098 fluitante
1042 2016 1179 2088 saecuti
1196 2015 1239 2091 de

143 2135 214 2185 nno
231 2115 330 2197 fonte
354 2115 546 2204 purissimo
571 2113 766 2186 derivator.
803 2113 903 2185 Solet
924 2121 1044 2186 antem
1063 2116 1238 2207 accidere,

102 2217 183 2282 „at
208 2235 288 2284 cam
322 2212 443 2306 plures
477 2211 581 2284 rivali
611 2213 654 2283 de
680 2213 803 2284 eodem
826 2214 1001 2305 principio
1024 2214 1236 2308 procedant,

115 2399 117 2412 Ι
142 2309 215 2382 alio
234 2314 479 2404 temperarint
495 2313 644 2404 turbidi,
673 2311 745 2384 alio
765 2311 890 2404 laridi,
917 2314 1016 2396 fonte
1033 2311 1183 2404 capitali
1199 2315 1236 2385 in

139 2412 297 2502 paritate
314 2434 383 2482 saa
400 2416 639 2502 permanente.
675 2410 811 2485 Eodem
835 2411 953 2504 modo,
980 2417 1154 2505 quantam
1171 2411 1235 2482 ha-

142 2533 254 2582 mana
281 2511 435 2584 conditio
463 2517 662 2582 creatorem
689 2517 723 2582 et
744 2508 954 2582 ereaturam
975 2513 1071 2587 ,inter
1095 2535 1133 2582 se
1150 2535 1234 2583 ooa-

9 2657 11 2674 .
69 2631 71 2636 “
140 2612 236 2694 ferre
259 2609 378 2702 audet,
390 2607 447 2682 'de
467 2609 543 2682 Deo
563 2634 645 2703 repe
658 2609 910 2681 immortaliet
925 2613 1074 2682 terrenis
1091 2609 1234 2703 repibus

10 2721 11 2724 ’
141 2711 299 2780 conicere
318 2710 487 2780 colentur.
524 2709 702 2800 Scriptum
722 2715 776 2780 est
791 2711 882 2782 enim
906 2709 1058 2802 „Omnis
1071 2715 1234 2801 potestas

140 2831 164 2880 a
196 2808 308 2880 Deo“.
360 2808 396 2878 Is
433 2809 655 2899 omnipotens
681 2830 910 2900 recrepant,
946 2809 1054 2878 totins
1084 2806 1234 2886 bonoria

140 2914 268 2978 aactor
295 2914 330 2978 et
343 2908 575 2999 principiam,
602 2907 747 3000 qartrrdo
768 2907 804 2977 ia
826 2908 1006 3000 principer
1030 2913 1148 2980 terrae
1169 2909 1232 2978 ali-

139 3008 239 3080 actas
257 3005 439 3099 dipnitatis
456 3008 614 3100 qratiam
634 3006 874 3095 transfundit,
901 3013 1074 3100 qaannan
1099 3007 1151 3078 ad
1167 3031 1232 3078 aa«

139 3113 259 3178 taram
285 3107 450 3198 principii
472 3129 568 3198 para
594 3112 647 3177 eet
671 3113 705 3180 et
722 3105 869 3180 manda.
907 3107 993 3178 Cara
1012 3113 1136 3177 antem
1153 3131 1232 3198 per·
1352 3180 1354 3183 .

138 3201 272 3278 benerit
297 3205 349 3276 ad
375 3230 436 3276 eor
463 3207 522 3300 qai
545 3205 640 3278 baar
668 3207 876 3299 dipnitatem
892 3205 1036 3298 indipne
1053 3212 1230 3276 tractave-

137 3307 227 3397 rint,
246 3312 280 3378 et
301 3329 381 3378 earn
400 3329 480 3380 eam
498 3305 684 3397 saprerbia,
711 3304 857 3395 invidia,
875 3304 1034 3396 libidine,
1060 3307 1230 3398 avaritia,

136 3407 207 3498 ira,
225 3407 459 3496 impatientia,
483 3400 916 3494 crudelitate'pollaerint‚
934 3403 1002 3472 sibi
1018 3409 1054 3476 et
1068 3403 1232 3475 omnibus

136 3503 317 3594 subiectis,
341 3504 409 3572 nisi
434 3501 644 3593 poenitendo
670 3525 707 3572 re
723 3502 968 3594 parpaverint,
991 3500 1230 3593 periculosam

132 3608 259 3696 potam
285 3601 479 3694 iniqnitatis
501 3601 757 3693 propinabant.
795 3599 881 3672 Oret
904 3606 940 3672 et
963 3599 1162 3673 intercedat
1181 3601 1232 3674 ad

136 3701 328 3776 Dominam
347 3703 461 3772 oannis
479 3701 627 3774 ecclesia
645 3707 873 3792 sanctornm,
900 3706 939 3771 at
955 3699 1113 3794 dipnitos
1136 3724 1230 3797 qaae

136 3801 240 3872 bodie
256 3822 352 3892 para
371 3801 514 3872 domino
533 3809 566 3872 et
583 3804 660 3896 repi
677 3807 801 3872 nostro
817 3800 1036 3874 Cluacarado
1048 3803 1231 3891 praesenti
1341 3793 1346 3810 '

138 3925 162 3972 a
180 3901 256 3975 Deo
273 3906 498 3992 praestatur,
525 3899 720 3991 inviolata,
739 3892 912 3994 patratam
928 3899 1081 3970 bominis
1098 3904 1161 3989 est,
1181 3899 1228 3978 ab

137 4024 177 4072 eo
192 4005 361 4072 servetur.
388 4001 512 4072 Teearn
524 4007 559 4071 et
567 4007 715 4093 propter
728 4006 761 4070 te
775 4001 877 4070 nobis
891 4005 944 4069 est
955 4020 1085 4090 sermo,
1100 3998 1230 4078 dorane

136 4123 209 4170 rea.
242 4099 426 4190 Demiror,
446 4101 504 4194 pai
522 4106 554 4172 te
573 4099 676 4194 etepit
692 4106 731 4170 nt
745 4121 839 4170 esses
858 4120 921 4168 rer
936 4120 1043 4190 saper
1056 4096 1229 4190 populant

135 4223 259 4291 soant,
290 4203 364 4294 ipse
383 4205 415 4271 le
431 4201 533 4294 prins
558 4199 668 4272 voluit
681 4199 851 4293 probare,
879 4203 913 4270 et
927 4195 1155 4311 postraodam
1175 4221 1228 4270 re·
