3017 4884
554 430 756 502 Wll'ONlS
783 429 1057 503 ΡΙΙΟΙΙΕΙΙΒΙΙΙ

380 631 483 704 Pacis
502 633 638 702 donum
658 639 714 702 est
733 629 903 702 omnibus
922 632 1070 702 bouum.

329 731 399 820 Qui
418 731 455 803 in
474 753 565 826 paee
586 731 796 825 fundantur,
816 753 891 800 non
910 729 1152 801 eradicantur.

270 842 307 894 et
327 830 538 905 Incendium
559 831 740 902 bellorum
761 828 946 925 corruptio
965 837 1021 900 est
1039 851 1195 900 morum.

328 934 448 1004 Homo
467 930 619 1025 pudicus
638 939 694 1001 est
712 929 859 1000 animae
878 927 1029 1000 amicus.

328 1031 395 1104 Ubi
415 1031 587 1125 frequens
606 1028 776 1124 luxuria,
781 1052 855 1099 non
874 1027 991 1099 deerit
1009 1026 1172 1124 penuria.

274 1141 309 1192 30
320 1132 505 1261 Voluptas
526 1129 710 1200 mundana
729 1152 878 1224 semper
896 1137 953 1200 est
971 1152 1074 1199 vana.
1207 1189 1221 1198 .

267 1306 271 1314 ,
320 1227 518 1305 ''ludio's
530 1227 751 1304 smtentiaun
768 1237 917 1324 oportet
933 1251 1037 1324 sequi
1028 1225 1354 1305 clementiam

246 1351 249 1358 ’
330 1328 476 1404 Metius.
485 1338 542 1408 est
565 1328 784 1402 interdum?
775 1346 1008 1424 ignoscere,
1018 1341 1129 1422 otram
1153 1324 1350 1407 vindictam

481 1451 646 1524 poscere.

274 1533 310 1585 3³
330 1528 400 1616 Qui
415 1528 627 1640 miseretur,
650 1488 944 1612 misericordiam
963 1534 1268 1621 ΙΙΙΙΙΙΙΙΙΙΙΙΙΙΙΙΙ.ι

328 1628 488 1700 Verbum
506 1627 669 1713 veritatis
688 1626 881 1711 subveniet
897 1627 1071 1712 iudicatis,

328 1727 355 1798 F
357 1727 483 1800 alsus
474 1753 509 1798 m
530 1753 594 1800 ore
613 1736 714 1798 caret
733 1729 885 1798 honore.

272 1839 308 1892 36
328 1827 396 1914 Qui
415 1827 575 1900 falsitate
593 1827 693 1922 vivit,
713 1826 875 1899 animam
893 1826 1036 1899 occidit.

377 1985 447 2071 Qui
466 1997 523 2058 est
539 1985 665 2061 hilaris
684 1987 803 2081 dator,
832 1985 930 2081 huuc
947 1993 1049 2059 amat
1066 1981 1246 2057 Salvator.

328 2085 459 2156 Omnis
477 2108 613 2158 avarus
631 2085 718 2158 uulli
737 2095 795 2155 est
813 2107 946 2169 carus.
999 2146 1003 2155 .

271 2200 306 2251 us
326 2182 438 2256 bonis
455 2184 628 2281 tribuere,
651 2207 724 2256 non
745 2193 802 2256 est
819 2184 996 2257 minuere.

326 2283 394 2356 Ubi
413 2294 554 2379 pugnat
565 2294 697 2360 saucta
716 2281 847 2378 oratio,
866 2281 914 2356 ibi
932 2281 1088 2356 vincitur
1106 2281 1300 2356 tribulatio.

315 2384 560 2472 lacessanter
577 2408 698 2495 orare,
718 2395 775 2456 est
793 2384 926 2461 delicta
945 2407 1155 2479 purgare.

272 2499 307 2550 ΙΙ
315 2453 427 2552 Bene
446 2491 527 2570 orat
530 2479 674 2578 quiin
694 2485 804 2554 corde
809 2483 954 2578 ΙΙΙ.οΙΙΙ

377 2537 555 2652 leiuniutir
574 2580 668 2654 forte
685 2571 819 2677 liberat
836 2606 857 2654 a
876 2581 1035 2668 secunda
1053 2589 1184 2653 morte.
1262 2619 1266 2626 ’

327 2679 396 2766 Qui
415 2704 488 2751 non
506 2691 629 2777 potest
647 2679 825 2776 ieiunare
851 2681 968 2755 discat
986 2678 1229 2769 elemosinam
1249 2680 1346 2750 dare.

261 2795 305 2868 ,ΙΙ
326 2779 455 2851 Melius
474 2790 531 2852 est
549 2781 775 2894 mendicare,
792 2806 904 2878 quam
923 2780 1003 2857 aliis
1021 2777 1134 2855 nichil
1152 2779 1250 2855 dare

325 2876 426 2950 Rene
443 2878 620 2993 vigilabit,
631 2880 698 2978 qui
716 2906 745 2968 Ι
756 2884 852 2969 bono
872 2907 945 2958 non
965 2879 1133 2956 cessabit

326 2977 456 3050 Melius
472 2989 530 3051 est
539 2979 722 3067 interdum
733 2963 1026 3075 domfiraquam
1037 2979 1181 3054 diabolo
1196 2979 1345 3052 servire.

270 3091 307 3151 48
325 3076 496 3174 Dormire
516 3103 597 3162 nou
609 3063 780 3175 multum,
799 3079 979 3158 exhilarat
995 3068 1146 3159 vultum.

270 3169 273 3176 ’
376 3168 445 3263 Qui
464 3201 504 3248 se
499 3167 658 3256 fatetur
669 3201 796 3290 reum,
814 3178 875 3251 ille
893 3177 1017 3274 placat
1033 3177 1163 3253 Deum

325 3276 393 3348 Ubi
412 3286 469 3349 est
486 3301 573 3349 vera
592 3277 818 3376 penitentia,
825 3277 875 3350 ibi
891 3277 958 3350 Dei
976 3277 1181 3378 clementia.

269 3389 302 3442 51
326 3375 483 3471 Oportet
501 3378 599 3465 eninr
619 3401 783 3476 parcere
793 3379 854 3450 diu
868 3377 995 3476 positis
1015 3376 1053 3450 in
1074 3401 1232 3455 carcere

323 3476 436 3550 Valde
456 3475 649 3591 decipitur,
665 3479 725 3575 (ΙΙΙΙ
744 3503 946 3575 numquam
965 3475 1168 3590 corripitur.

323 3575 563 3649 Amicabilis
554 3578 756 3688 increpatio
774 3604 850 3650 non
869 3589 926 3649 est
943 3575 1168 3673 dampnatio.

269 3688 305 3744 54
325 3674 458 3746 Oleum
467 3677 680 3773 peccatoris
699 3686 756 3798 ΙΙΙ
772 3678 853 3751 laus
872 3677 1081 3774 adulatoris

374 3815 441 3888 Ubi
459 3816 571 3911 longa
589 3765 764 3914 ebuiotais·
784 3815 839 3890 lbi
852 3816 974 3890 brevis
992 3829 1059 3891 cst·
1055 3819 1194 3916 pietas.

322 3913 456 3988 Vinum
474 3917 629 3989 multum
649 3927 686 3990 et
701 3917 800 3989 forte
815 3941 950 4014 parum
969 3920 1079 3995 distat
1094 3943 1116 3991 a
1130 3930 1260 3995 morte.

267 4025 302 4076 57
322 4015 392 4087 Per
406 4015 593 4113 crapulam
613 4017 681 4090 cibi
704 4028 742 4089 et
755 4028 865 4133 potus
877 4018 974 4115 pent
985 4021 1099 4093 bomo
1109 4031 1242 4092 totus

321 4115 390 4187 Per
408 4117 676 4190 moderantiam
694 4119 906 4215 pervenitur
923 4123 969 4193 ad
988 4119 1285 4194 habundantiam.

320 4215 574 4291 Mediocritate
590 4241 682 4315 pura
702 4221 839 4336 gaudet
856 4227 998 4292 natura.

265 4326 299 4378 ⁶⁰
320 4316 365 4388 Pr
367 4341 455 4390 over
457 4319 554 4390 burm
575 4318 627 4390 No
620 4319 732 4415 quid
749 4322 854 4393 nimis
872 4320 1069 4393 laudatur'
1060 4346 1096 4392 m
1116 4296 1252 4416 primis.
