3017 4884
280 426 328 497 rc
449 421 650 495 wieoms
677 421 786 494 vrm
813 421 1086 520 csuonmm
1107 369 1202 534 ine.

183 644 261 696 loss.
280 620 466 717 Basileae,
501 631 538 692 et
561 620 729 694 terminis
756 620 989 715 Burgundiae
1022 619 1118 691 ultra
1142 620 1372 693 voluntatem

279 720 468 818 Ruodolli,
488 721 652 793 eiusdem
670 715 905 814 Burgundiae
922 719 1034 815 regis,
1053 721 1248 814 diligenter
1265 745 1372 816 prae·
1492 796 1493 799 ,

236 898 241 908 Χ
280 821 486 917 occupatis,
526 845 594 916 per
621 822 790 892 Rhenum
822 843 937 915 usque
964 820 1164 892 Saxoniam
1193 821 1372 916 pervenit.

280 921 402 1008 Quare
437 932 559 992 autem
597 919 764 992 Ruodolfi
793 919 892 1015 regis
927 919 1180 1016 meminerim,
1212 921 1373 993 breviter

196 1077 199 1084 ,
280 1021 409 1094 dicam.
454 1021 527 1094 lste
553 1021 754 1092 lluodolfus
781 1044 847 1092 rex
874 1019 1107 1114 Burgundiae
1132 1022 1219 1091 dum
1253 1020 1289 1092 in
1317 1043 1373 1092 se-

279 1130 427 1192 nectute
446 1144 511 1192 sua
530 1143 688 1215 regnum
706 1120 868 1191 molliter
884 1129 1081 1214 tractaret,
1100 1120 1302 1192 maximam
1320 1119 1373 1192 in·

279 1219 415 1292 vidiam
444 1221 539 1316 apud
564 1220 749 1316 principes
775 1218 881 1315 regni
897 1218 954 1292 sui
973 1242 1216 1316 comparans,
1242 1243 1372 1291 secun·

281 1322 367 1394 dum
385 1319 598 1392 Heinricum
614 1320 898 1416 imperatorem,
917 1319 1032 1392 filiurn
1051 1319 1190 1392 sororis
1207 1343 1316 1416 suae,
1335 1317 1373 1390 in

281 1443 437 1515 regnum
461 1419 646 1512 invitavit,
674 1443 832 1517 eumque
857 1429 943 1515 post
968 1419 1082 1490 vitam
1110 1443 1216 1491 suam
1241 1442 1371 1514 regern

281 1519 514 1614 Burgundiae
533 1519 758 1616 designavit,
784 1529 821 1590 et
839 1519 1023 1616 principes
1040 1519 1147 1613 regni
1164 1519 1286 1592 iurare
1304 1518 1373 1592 sibi

281 1620 377 1691 fecit.
404 1622 458 1691 Ad
477 1644 588 1716 quarn
604 1643 684 1691 rem
700 1621 1031 1691 commendandam
1050 1620 1252 1715 imperator
1264 1618 1374 1692 Hein-

281 1719 377 1791 ricus
396 1719 583 1791 infinitam
612 1719 827 1814 peccuniam
855 1743 968 1814 saepe
996 1728 1033 1791 et
1050 1719 1267 1816 saepissime
1288 1743 1373 1790 con-

281 1820 447 1916 sumpsit.
486 1820 558 1892 Sed
578 1820 750 1892 defuncto
769 1821 995 1916 imperatore
1011 1820 1197 1915 Heinrico,
1216 1819 1374 1906 lluorlol-

281 1920 338 1992 lus
364 1943 429 1990 rex
447 1920 630 2016 promissa
656 1943 722 1992 sua
740 1921 844 1992 irrita
863 1919 944 1992 fieri
968 1919 1092 1992 voluit.
1134 1920 1375 1991 Chuonradus

283 2029 405 2091 autem
430 2044 493 2091 rex
519 2020 638 2114 magis
658 2044 795 2115 augere
820 2045 930 2118 quam
957 2020 1124 2091 minuere
1147 2025 1303 2113 regnum
1322 2018 1374 2088 in-

281 2130 426 2218 tentus,
452 2120 698 2192 antecessoris
716 2119 771 2191 sui
790 2120 935 2192 labores
954 2129 1094 2192 metere
1113 2119 1254 2214 volenS,
1274 2117 1374 2190 Basi-

282 2221 379 2292 leam
399 2219 466 2293 sihi
485 2217 709 2315 subiugavit,
736 2229 776 2290 ut
795 2221 1117 2317 animadverteret,
1136 2219 1166 2291 si
1190 2242 1256 2290 rex
1281 2220 1374 2290 lluo-

283 2321 402 2392 dollus
429 2321 611 2417 promissa
640 2322 855 2392 attenderet.
891 2321 993 2406 Quos
1019 2327 1148 2414 postea
1173 2318 1295 2390 Gisela
1317 2341 1375 2389 re-

283 2423 390 2516 gina,
420 2421 494 2492 lilia
520 2420 658 2494 sororis
683 2419 797 2517 ipsius
823 2421 923 2516 regis
942 2419 1129 2515 lluodolli,
1155 2422 1250 2492 bene
1276 2418 1375 2515 paci·
1496 2452 1497 2455 ¹

284 2520 418 2592 licavit.
1155 2543 1164 2560 *

409 2679 442 2750 9.
485 2673 546 2747 De
572 2672 788 2749 Bolizlao
816 2678 932 2749 duce
959 2678 1247 2750 Sclavorum.

358 2812 497 2884 Eodem
533 2808 629 2884 anno
663 2835 774 2907 quem
806 2836 918 2909 supra
949 2812 1158 2884 notavimus
1191 2810 1375 2883 Bolizlaus

283 2911 514 3009 Sclavigena,
550 2914 622 2982 dux
646 2912 884 3007 Bolanorum,
912 2911 1070 3008 insignia
1094 2913 1235 3006 regalia
1259 2921 1296 2984 et
1320 2933 1377 2982 rc-

284 3012 384 3107 gium
412 3034 548 3082 nomen
576 3012 613 3082 in
641 3009 809 3083 iniuriam
835 3012 934 3107 regis
953 3014 1164 3085 Chuonradi
1182 3012 1249 3084 sibi
1275 3021 1376 3108 apta-

284 3111 356 3208 vit,
386 3112 486 3184 cuius
514 3111 761 3184 temeritatem
788 3113 859 3185 cito
886 3137 987 3184 mors
1014 3113 1222 3184 exinanivit.
1266 3111 1375 3183 Filius

285 3223 407 3285 autem
433 3211 510 3286 eius
541 3211 667 3285 Mision
698 3211 866 3285 similiter
890 3213 1056 3309 rebellis,
1088 3216 1240 3285 fratrem
1268 3235 1376 3284 suurn

283 3313 473 3409 Ottonem,
493 3313 666 3408 quoniam
679 3314 779 3410 regis
797 3314 961 3410 partibus
975 3314 1134 3408 favebat,
1152 3314 1189 3385 in
1201 3311 1377 3385 Ruzziam

283 3413 510 3512 provinciam
537 3413 687 3510 pepulit.
730 3414 897 3502 Qualiter
922 3438 1010 3486 vcro
1038 3413 1203 3486 eiusdem
1235 3411 1377 3484 Misico·

284 3515 341 3588 nis
360 3513 639 3612 protervitatem
663 3525 701 3587 et
725 3516 914 3588 cuiusdam
932 3514 1117 3586 Undalrici
1139 3513 1241 3586 ducis
1259 3513 1377 3585 Bolse-

286 3614 381 3686 miae
400 3613 592 3709 perfidiam
610 3638 675 3686 rex
694 3616 933 3689 Chuonradus
957 3625 1088 3712 postea
1110 3623 1377 3712 compesceret,

285 3713 328 3784 in·
341 3713 423 3784 loco
442 3736 509 3784 suo
528 3713 658 3785 dicam.

290 3890 345 3960 10.
372 3887 435 3960 De
460 3885 719 3960 inimicitia
745 3887 866 4060 {pter
890 3913 1046 3985 regem
1066 3897 1111 3960 et
1129 3887 1379 3960 Ernustum

779 4013 917 4064 ucem.

361 4125 498 4196 Eodem
525 4135 715 4221 tempore,
742 4124 851 4198 hoste
881 4125 984 4224 pacis
1017 4124 1162 4198 diabolo
1189 4123 1381 4217 suadente,

286 4223 463 4297 Ernustus
496 4227 567 4298 dux
599 4226 861 4321 Alamanniae,
898 4226 1052 4298 Chuono
1084 4226 1154 4296 dux
1189 4222 1381 4317 Franciae,
1496 4314 1497 4329 χ
