3017 4884
438 461 640 536 wlnonis
652 462 942 544 >leontardus

266 657 413 732 lnvenis
430 659 619 735 annosus
637 685 774 751 senex
756 660 834 735 fiet
850 665 1081 757 gloriosus·
1099 711 1102 718 -

217 756 297 843 Qui
305 759 481 854 tumescit
498 762 585 837 dam
605 761 718 858 calet
746 760 911 854 frigidus
915 763 1037 839 uiohil
1045 768 1170 843 vatem

161 861 196 913 63
216 856 285 943 Qui
304 868 412 928 vacat
430 857 465 929 in
485 858 693 958 iuventute
713 864 906 934 turbatur
897 889 933 934 in
952 875 1151 956 senectute
1210 908 1212 915 ·

214 954 394 1028 Fortes
361 953 428 1028 viri
448 957 637 1030 omnlbus
635 968 720 1031 sunt
741 959 835 1033 miri.

215 1057 335 1152 Reges
354 1081 373 1128 e
376 1057 597 1153 tpraesides
616 1083 689 1131 non
709 1061 816 1130 decet
833 1075 915 1132 esse
934 1063 1147 1140 desides

159 1168 194 1268 66
205 1155 358 1232 Mundi
356 1168 521 1244 rectores
540 1169 698 1264 aequent
717 1183 799 1230 cum
820 1157 972 1232 nomine
989 1165 1169 1235 mores.'

218 1253 338 1328 Viri
356 1253 595 1370 pontificales
604 1257 742 1332 sanetis
762 1259 844 1331 sint
858 1262 1079 1356 aequales·
1193 1270 1196 1278 “

213 1356 342 1429 llledici
361 1357 567 1429 animarum
587 1359 795 1432 exorbitent
812 1384 953 1456 parum.

158 1466 193 1518 6⁹
213 1455 349 1528 Contra
367 1458 493 1553 lupum
511 1457 665 1553 vigilare
683 1469 740 1530 est
757 1469 884 1555 raptus
901 1462 1027 1533 vitare.

212 1555 279 1642 Qui
299 1556 446 1628 viduam
467 1558 640 1653 defendit
663 1560 707 1630 ad
727 1561 912 1632 Christum
931 1583 1060 1655 regem
1079 1560 1205 1632 tendit.

212 1655 280 1742 Qui
298 1655 458 1730 vindicat
477 1615 668 1756 pupillurir
687 1659 786 1730 Deus
805 1672 960 1732 coronat
977 1659 1090 1731 illum.

155 1764 191 1816 72
209 1755 415 1852 Pauperum
435 1758 647 1831 consolator
665 1768 839 1830 aeternae
858 1759 954 1832 vitae
974 1770 1031 1831 est
1050 1768 1203 1832 amator.

260 1914 417 2010 Oportet
435 1938 566 1987 cavere
583 1914 786 1987 vanitatem
805 1916 938 1989 videre.

89 2065 93 2072 .
210 2015 283 2085 Cor
299 2013 460 2086 incendi
478 2016 625 2110 oculus
646 2025 684 2085 ut
703 2015 855 2112 stipulas
874 2016 1025 2088 foculus

153 2127 189 2178 75
208 2112 383 2224 Voluptas
402 2139 475 2185 non
494 2115 572 2186 visa
592 2071 703 2187 cicius
722 2126 780 2187 est
797 2116 897 2188 elisa

207 2213 277 2299 Qui
296 2211 452 2286 libenter
471 2217 607 2288 bonum
627 2215 745 2303 audit
769 2216 880 2287 corde
898 2215 976 2286 Deo
993 2214 1143 2326 plaudit

207 2313 336 2385 Melius
355 2324 423 2384 est
429 2338 627 2410 pauperem
649 2270 774 2385 audiie
793 2338 905 2410 quam
921 2313 1080 2385 sonitum
1098 2305 1200 2386 lirae.

150 2423 187 2475 76
205 2413 396 2485 Incassum
416 2413 572 2485 miseros
591 2412 701 2507 audit7
722 2412 781 2510 qui
800 2437 842 2486 os
860 2423 898 2485 et
915 2438 1065 2486 manum
1082 2413 1226 2486 claudit.

254 2511 395 2608 Lingua
420 2513 609 2609 placabilis
631 2513 731 2608 ligno
754 2512 851 2585 vitae
876 2521 933 2586 est
955 2513 1224 2610 comparabilis.

204 2610 345 2708 Lingua
364 2613 492 2685 dolosa
510 2635 659 2709 semper
677 2623 734 2684 est
753 2613 889 2684 odiosa

147 2709 181 2776 5¹
204 2704 272 2797 Qui
292 2712 450 2807 loquitur
469 2715 647 2807 modeste,
668 2713 760 2783 liber
777 2721 834 2784 est
852 2737 873 2783 a
891 2721 1005 2807 peste

203 2811 381 2884 Manus
352 2835 431 2883 sine
451 2835 563 2906 opere
581 2810 804 2882 mendicabit
822 2834 988 2907 propere.

202 2911 377 2984 Mannum
396 2913 541 2983 labores
560 2920 749 3006 praestant
768 2912 939 2982 honores.

122 3001 127 3014 ‘
146 3024 185 3076 8⁴
202 3011 271 3098 Qui
290 3015 427 3084 bonum
447 3021 633 3106 operatur,
653 3035 673 3081 a
692 3011 771 3082 Deo
789 3009 1035 3082 benedicatur

250 3110 352 3184 Beati
373 3113 504 3207 pedeS,
523 3111 583 3207 qui
601 3111 749 3183 visitant
767 3109 995 3181 infirmorum
1016 3105 1136 3184 aedes

201 3211 292 3283 Cum
311 3212 389 3283 Deo
409 3211 596 3283 ambulare
615 3220 671 3284 est
688 3210 851 3283 animam
870 3211 1025 3282 salvare.

144 3319 181 3372 8⁷
200 3310 269 3397 Qui
279 3312 413 3407 migrat
424 3313 469 3383 ad
479 3313 904 3405 aeternamsedemmon
914 3308 1218 3407 offendrtpedem.

198 3409 364 3508 Iniquum
383 3421 440 3482 est
458 3413 503 3482 ob
523 3410 740 3481 beneficium
761 3410 913 3481 reddere
932 3409 1161 3503 supplicium.

199 3509 268 3595 Qui
287 3509 406 3582 reddit
423 3510 562 3579 malum
581 3532 647 3604 pro
667 3510 778 3603 bono,
797 3507 966 3601 indignus
985 3517 1042 3577 est
1059 3509 1168 3578 dono.

143 3626 178 3678 ao
198 3608 300 3681 Bono
319 3608 467 3681 vincere
486 3609 596 3706 mala,
616 3618 672 3681 est
690 3610 734 3680 ad
754 3607 898 3681 caelum
912 3607 1023 3680 scala.

248 3749 371 3822 Mundi
391 3761 599 3823 contemtus
618 3775 638 3821 a
657 3749 735 3821 Deo
755 3758 812 3821 est
829 3748 1011 3820 inventus.

198 3849 286 3937 Qui
286 3860 386 3923 amat
404 3853 580 3922 mundum
598 3859 857 3947 praesentem
880 3848 1044 3945 sequitur
1063 3869 1144 3969 rem
1163 3847 1215 3917 fu-

374 3951 520 4023 lentem.

141 4065 176 4118 aa
196 4050 325 4123 Melius
343 3975 400 4124 det
418 4073 618 4147 supernum
644 4047 838 4122 concilium
857 4071 968 4144 quam
986 4044 1094 4119 huius
1117 4045 1214 4118 vitae

165 4151 502 4348 Superndxpiiillrliit
517 4248 667 4347 pulchra
688 4257 790 4321 tenet
808 4247 911 4319 atria.
